,scr_num,date_time,entr_px,entr_vol,entr_direction,entr_orde_no,entr_index,channel_no,entr_clas,biz_index
0,000001.XSHE,2023-11-22 09:15:00.000,9.33,100,1,0,48,2012,2,0
1,000001.XSHE,2023-11-22 09:15:00.000,9.3,100,1,0,52,2012,2,0
2,000001.XSHE,2023-11-22 09:15:00.000,11.3,100,2,0,129,2012,2,0
3,000001.XSHE,2023-11-22 09:15:00.000,9.27,100,1,0,191,2012,2,0
4,000001.XSHE,2023-11-22 09:15:00.000,9.25,100,1,0,206,2012,2,0
5,000001.XSHE,2023-11-22 09:15:00.000,9.27,100,1,0,287,2012,2,0
6,000001.XSHE,2023-11-22 09:15:00.000,9.25,100,1,0,355,2012,2,0
7,000001.XSHE,2023-11-22 09:15:00.000,9.25,100,1,0,461,2012,2,0
8,000001.XSHE,2023-11-22 09:15:00.020,9.25,100,1,0,796,2012,2,0
9,000001.XSHE,2023-11-22 09:15:00.020,9.25,100,1,0,797,2012,2,0
10,000001.XSHE,2023-11-22 09:15:00.020,9.25,100,1,0,798,2012,2,0
11,000001.XSHE,2023-11-22 09:15:00.020,9.27,100,1,0,848,2012,2,0
12,000001.XSHE,2023-11-22 09:15:00.020,9.25,100,1,0,1012,2012,2,0
13,000001.XSHE,2023-11-22 09:15:00.030,10.58,800,2,0,1125,2012,2,0
14,000001.XSHE,2023-11-22 09:15:00.030,10.69,800,2,0,1126,2012,2,0
15,000001.XSHE,2023-11-22 09:15:00.030,10.88,800,2,0,1127,2012,2,0
16,000001.XSHE,2023-11-22 09:15:00.030,10.99,800,2,0,1143,2012,2,0
17,000001.XSHE,2023-11-22 09:15:00.030,10.99,900,2,0,1144,2012,2,0
18,000001.XSHE,2023-11-22 09:15:00.030,11.23,1100,2,0,1146,2012,2,0
19,000001.XSHE,2023-11-22 09:15:00.030,10.0,900,1,0,1147,2012,2,0
20,000001.XSHE,2023-11-22 09:15:00.030,9.68,1200,1,0,1148,2012,2,0
21,000001.XSHE,2023-11-22 09:15:00.030,10.23,1000,1,0,1205,2012,2,0
22,000001.XSHE,2023-11-22 09:15:00.030,10.39,1000,2,0,1206,2012,2,0
23,000001.XSHE,2023-11-22 09:15:00.030,10.44,900,2,0,1230,2012,2,0
24,000001.XSHE,2023-11-22 09:15:00.030,11.31,2600,2,0,1279,2012,2,0
25,000001.XSHE,2023-11-22 09:15:00.030,9.58,400,1,0,1281,2012,2,0
26,000001.XSHE,2023-11-22 09:15:00.030,11.31,3800,2,0,1282,2012,2,0
27,000001.XSHE,2023-11-22 09:15:00.030,11.31,600,2,0,1284,2012,2,0
28,000001.XSHE,2023-11-22 09:15:00.030,11.31,3700,2,0,1313,2012,2,0
29,000001.XSHE,2023-11-22 09:15:00.030,11.31,2100,2,0,1591,2012,2,0
30,000001.XSHE,2023-11-22 09:15:00.030,11.31,400,2,0,1635,2012,2,0
31,000001.XSHE,2023-11-22 09:15:00.030,10.0,1000,1,0,1646,2012,2,0
32,000001.XSHE,2023-11-22 09:15:00.030,10.58,1200,2,0,1659,2012,2,0
33,000001.XSHE,2023-11-22 09:15:00.030,10.91,1200,2,0,1660,2012,2,0
34,000001.XSHE,2023-11-22 09:15:00.030,11.24,1200,2,0,1661,2012,2,0
35,000001.XSHE,2023-11-22 09:15:00.030,11.31,4700,2,0,1664,2012,2,0
36,000001.XSHE,2023-11-22 09:15:00.030,9.58,800,1,0,1688,2012,2,0
37,000001.XSHE,2023-11-22 09:15:00.030,10.45,800,2,0,1834,2012,2,0
38,000001.XSHE,2023-11-22 09:15:00.030,10.5,1600,2,0,1837,2012,2,0
39,000001.XSHE,2023-11-22 09:15:00.030,10.6,1600,2,0,1838,2012,2,0
40,000001.XSHE,2023-11-22 09:15:00.030,10.83,5500,2,0,1863,2012,2,0
41,000001.XSHE,2023-11-22 09:15:00.030,9.78,6100,1,0,1873,2012,2,0
42,000001.XSHE,2023-11-22 09:15:00.030,9.33,100,1,0,1953,2012,2,0
43,000001.XSHE,2023-11-22 09:15:00.030,11.18,2300,2,0,2072,2012,2,0
44,000001.XSHE,2023-11-22 09:15:00.030,11.18,6000,2,0,2105,2012,2,0
45,000001.XSHE,2023-11-22 09:15:00.030,10.47,2200,2,0,2247,2012,2,0
46,000001.XSHE,2023-11-22 09:15:00.030,10.59,2800,2,0,2250,2012,2,0
47,000001.XSHE,2023-11-22 09:15:00.030,10.72,3400,2,0,2251,2012,2,0
48,000001.XSHE,2023-11-22 09:15:00.030,9.3,100,1,0,2332,2012,2,0
49,000001.XSHE,2023-11-22 09:15:00.030,9.25,100,1,0,2421,2012,2,0
50,000001.XSHE,2023-11-22 09:15:00.030,9.25,100,1,0,2439,2012,2,0
51,000001.XSHE,2023-11-22 09:15:00.030,10.68,2900,2,0,2652,2012,2,0
52,000001.XSHE,2023-11-22 09:15:00.040,10.98,5000,2,0,2710,2012,2,0
53,000001.XSHE,2023-11-22 09:15:00.040,10.01,2000,1,0,2724,2012,2,0
54,000001.XSHE,2023-11-22 09:15:00.040,10.68,300,2,0,2902,2012,2,0
55,000001.XSHE,2023-11-22 09:15:00.040,11.31,800,2,0,2926,2012,2,0
56,000001.XSHE,2023-11-22 09:15:00.040,10.16,4000,1,0,2956,2012,2,0
57,000001.XSHE,2023-11-22 09:15:00.040,10.11,8000,1,0,2965,2012,2,0
58,000001.XSHE,2023-11-22 09:15:00.040,10.01,50000,1,0,3148,2012,2,0
59,000001.XSHE,2023-11-22 09:15:00.040,9.98,80000,1,0,3164,2012,2,0
60,000001.XSHE,2023-11-22 09:15:00.040,9.25,100,1,0,3299,2012,2,0
61,000001.XSHE,2023-11-22 09:15:00.040,11.31,200,2,0,3323,2012,2,0
62,000001.XSHE,2023-11-22 09:15:00.040,10.39,4000,2,0,3349,2012,2,0
63,000001.XSHE,2023-11-22 09:15:00.040,10.44,4000,2,0,3350,2012,2,0
64,000001.XSHE,2023-11-22 09:15:00.040,10.21,8000,1,0,3371,2012,2,0
65,000001.XSHE,2023-11-22 09:15:00.040,9.27,100,1,0,3422,2012,2,0
66,000001.XSHE,2023-11-22 09:15:00.040,9.25,100,1,0,3477,2012,2,0
67,000001.XSHE,2023-11-22 09:15:00.040,9.25,100,1,0,3483,2012,2,0
68,000001.XSHE,2023-11-22 09:15:00.040,10.8,3900,2,0,3506,2012,2,0
69,000001.XSHE,2023-11-22 09:15:00.040,10.0,400,1,0,3508,2012,2,0
70,000001.XSHE,2023-11-22 09:15:00.040,10.01,1800,1,0,3545,2012,2,0
71,000001.XSHE,2023-11-22 09:15:00.040,9.75,200,1,0,3571,2012,2,0
72,000001.XSHE,2023-11-22 09:15:00.040,9.5,400,1,0,3573,2012,2,0
73,000001.XSHE,2023-11-22 09:15:00.040,9.26,200,1,0,3578,2012,2,0
74,000001.XSHE,2023-11-22 09:15:00.040,9.25,100,1,0,3609,2012,2,0
75,000001.XSHE,2023-11-22 09:15:00.040,9.25,100,1,0,3611,2012,2,0
76,000001.XSHE,2023-11-22 09:15:00.040,9.25,100,1,0,3612,2012,2,0
77,000001.XSHE,2023-11-22 09:15:00.040,10.9,500,2,0,3666,2012,2,0
78,000001.XSHE,2023-11-22 09:15:00.040,11.2,500,2,0,3667,2012,2,0
79,000001.XSHE,2023-11-22 09:15:00.040,10.55,100,2,0,3742,2012,2,0
80,000001.XSHE,2023-11-22 09:15:00.040,11.31,3600,2,0,3919,2012,2,0
81,000001.XSHE,2023-11-22 09:15:00.040,10.22,20000,1,0,4002,2012,2,0
82,000001.XSHE,2023-11-22 09:15:00.040,11.3,2600,2,0,4053,2012,2,0
83,000001.XSHE,2023-11-22 09:15:00.040,11.3,6500,2,0,4058,2012,2,0
84,000001.XSHE,2023-11-22 09:15:00.040,11.3,4900,2,0,4254,2012,2,0
85,000001.XSHE,2023-11-22 09:15:00.040,11.18,200,2,0,4329,2012,2,0
86,000001.XSHE,2023-11-22 09:15:00.040,10.39,1000,2,0,4559,2012,2,0
87,000001.XSHE,2023-11-22 09:15:00.040,10.44,1000,2,0,4601,2012,2,0
88,000001.XSHE,2023-11-22 09:15:00.040,10.21,2000,1,0,4640,2012,2,0
89,000001.XSHE,2023-11-22 09:15:00.040,10.99,500,2,0,4752,2012,2,0
90,000001.XSHE,2023-11-22 09:15:00.040,10.02,56000,1,0,5090,2012,2,0
91,000001.XSHE,2023-11-22 09:15:00.040,10.44,200,2,0,5122,2012,2,0
92,000001.XSHE,2023-11-22 09:15:00.040,10.38,19900,2,0,5363,2012,2,0
93,000001.XSHE,2023-11-22 09:15:00.040,11.3,200,2,0,5435,2012,2,0
94,000001.XSHE,2023-11-22 09:15:00.040,10.98,300,2,0,5479,2012,2,0
95,000001.XSHE,2023-11-22 09:15:00.040,10.78,200,2,0,5522,2012,2,0
96,000001.XSHE,2023-11-22 09:15:00.040,10.56,3000,2,0,5525,2012,2,0
97,000001.XSHE,2023-11-22 09:15:00.040,10.76,1000,2,0,5526,2012,2,0
98,000001.XSHE,2023-11-22 09:15:00.040,10.86,2800,2,0,5527,2012,2,0
99,000001.XSHE,2023-11-22 09:15:00.040,10.96,900,2,0,5529,2012,2,0
100,000001.XSHE,2023-11-22 09:15:00.040,9.7,300,1,0,5578,2012,2,0
101,000001.XSHE,2023-11-22 09:15:00.040,10.83,400,2,0,5621,2012,2,0
102,000001.XSHE,2023-11-22 09:15:00.040,10.22,1000,1,0,5651,2012,2,0
103,000001.XSHE,2023-11-22 09:15:00.040,10.46,19900,2,0,5655,2012,2,0
104,000001.XSHE,2023-11-22 09:15:00.040,10.44,1000,2,0,5657,2012,2,0
105,000001.XSHE,2023-11-22 09:15:00.040,10.53,19900,2,0,5828,2012,2,0
106,000001.XSHE,2023-11-22 09:15:00.040,10.56,19900,2,0,5873,2012,2,0
107,000001.XSHE,2023-11-22 09:15:00.040,10.65,19900,2,0,5959,2012,2,0
108,000001.XSHE,2023-11-22 09:15:00.040,10.98,20000,2,0,6054,2012,2,0
109,000001.XSHE,2023-11-22 09:15:00.040,11.06,20000,2,0,6056,2012,2,0
110,000001.XSHE,2023-11-22 09:15:00.040,11.12,20000,2,0,6062,2012,2,0
111,000001.XSHE,2023-11-22 09:15:00.050,10.41,100,2,0,6102,2012,2,0
112,000001.XSHE,2023-11-22 09:15:00.050,10.66,300,2,0,6152,2012,2,0
113,000001.XSHE,2023-11-22 09:15:00.050,10.12,1000,1,0,6203,2012,2,0
114,000001.XSHE,2023-11-22 09:15:00.050,10.06,3000,1,0,6211,2012,2,0
115,000001.XSHE,2023-11-22 09:15:00.050,11.31,1000,2,0,6234,2012,2,0
116,000001.XSHE,2023-11-22 09:15:00.050,10.18,1000,1,0,6285,2012,2,0
117,000001.XSHE,2023-11-22 09:15:00.050,10.37,1000,2,0,6286,2012,2,0
118,000001.XSHE,2023-11-22 09:15:00.050,10.5,1000,2,0,6287,2012,2,0
119,000001.XSHE,2023-11-22 09:15:00.050,10.0,1000,1,0,6327,2012,2,0
120,000001.XSHE,2023-11-22 09:15:00.050,10.94,100,2,0,6328,2012,2,0
121,000001.XSHE,2023-11-22 09:15:00.050,9.84,100,1,0,6329,2012,2,0
122,000001.XSHE,2023-11-22 09:15:00.050,9.9,1000,1,0,6359,2012,2,0
123,000001.XSHE,2023-11-22 09:15:00.050,9.8,1000,1,0,6360,2012,2,0
124,000001.XSHE,2023-11-22 09:15:00.050,9.7,1000,1,0,6361,2012,2,0
125,000001.XSHE,2023-11-22 09:15:00.050,9.6,1000,1,0,6362,2012,2,0
126,000001.XSHE,2023-11-22 09:15:00.050,9.5,1000,1,0,6363,2012,2,0
127,000001.XSHE,2023-11-22 09:15:00.050,9.4,1000,1,0,6364,2012,2,0
128,000001.XSHE,2023-11-22 09:15:00.050,9.3,1000,1,0,6365,2012,2,0
129,000001.XSHE,2023-11-22 09:15:00.050,10.05,1000,1,0,6404,2012,2,0
130,000001.XSHE,2023-11-22 09:15:00.050,10.38,100,2,0,6501,2012,2,0
131,000001.XSHE,2023-11-22 09:15:00.050,10.46,100,2,0,6565,2012,2,0
132,000001.XSHE,2023-11-22 09:15:00.050,11.3,100,2,0,6570,2012,2,0
133,000001.XSHE,2023-11-22 09:15:00.050,11.31,1200,2,0,6577,2012,2,0
134,000001.XSHE,2023-11-22 09:15:00.050,9.58,2800,1,0,6612,2012,2,0
135,000001.XSHE,2023-11-22 09:15:00.050,10.08,5000,1,0,6770,2012,2,0
136,000001.XSHE,2023-11-22 09:15:00.050,10.2,100,1,0,6953,2012,2,0
137,000001.XSHE,2023-11-22 09:15:00.050,10.53,400,2,0,7037,2012,2,0
138,000001.XSHE,2023-11-22 09:15:00.050,10.88,300,2,0,7160,2012,2,0
139,000001.XSHE,2023-11-22 09:15:00.050,10.37,2000,2,0,7360,2012,2,0
140,000001.XSHE,2023-11-22 09:15:00.050,10.39,3000,2,0,7370,2012,2,0
141,000001.XSHE,2023-11-22 09:15:00.050,10.32,500,2,0,7390,2012,2,0
142,000001.XSHE,2023-11-22 09:15:00.050,10.33,500,2,0,7432,2012,2,0
143,000001.XSHE,2023-11-22 09:15:00.050,10.34,500,2,0,7433,2012,2,0
144,000001.XSHE,2023-11-22 09:15:00.050,10.35,500,2,0,7442,2012,2,0
145,000001.XSHE,2023-11-22 09:15:00.050,10.36,1000,2,0,7443,2012,2,0
146,000001.XSHE,2023-11-22 09:15:00.050,11.22,400,2,0,7684,2012,2,0
147,000001.XSHE,2023-11-22 09:15:00.050,11.3,200,2,0,7729,2012,2,0
148,000001.XSHE,2023-11-22 09:15:00.050,10.49,100,2,0,7971,2012,2,0
149,000001.XSHE,2023-11-22 09:15:00.050,10.65,100,2,0,8003,2012,2,0
150,000001.XSHE,2023-11-22 09:15:00.050,10.84,100,2,0,8005,2012,2,0
151,000001.XSHE,2023-11-22 09:15:00.050,11.11,100,2,0,8026,2012,2,0
152,000001.XSHE,2023-11-22 09:15:00.050,11.21,100,2,0,8027,2012,2,0
153,000001.XSHE,2023-11-22 09:15:00.050,11.31,100,2,0,8028,2012,2,0
154,000001.XSHE,2023-11-22 09:15:00.050,10.02,100,1,0,8096,2012,2,0
155,000001.XSHE,2023-11-22 09:15:00.050,9.89,100,1,0,8097,2012,2,0
156,000001.XSHE,2023-11-22 09:15:00.050,9.66,100,1,0,8113,2012,2,0
157,000001.XSHE,2023-11-22 09:15:00.050,9.43,100,1,0,8114,2012,2,0
158,000001.XSHE,2023-11-22 09:15:00.050,9.25,100,1,0,8139,2012,2,0
159,000001.XSHE,2023-11-22 09:15:00.050,10.1,600,1,0,8349,2012,2,0
160,000001.XSHE,2023-11-22 09:15:00.050,10.1,10000,1,0,8621,2012,2,0
161,000001.XSHE,2023-11-22 09:15:00.050,10.05,10000,1,0,8623,2012,2,0
162,000001.XSHE,2023-11-22 09:15:00.050,10.9,900,2,0,8922,2012,2,0
163,000001.XSHE,2023-11-22 09:15:00.050,10.01,500,1,0,9002,2012,2,0
164,000001.XSHE,2023-11-22 09:15:00.050,10.13,6000,1,0,9019,2012,2,0
165,000001.XSHE,2023-11-22 09:15:00.050,10.03,10000,1,0,9020,2012,2,0
166,000001.XSHE,2023-11-22 09:15:00.050,10.38,2000,2,0,9108,2012,2,0
167,000001.XSHE,2023-11-22 09:15:00.060,10.46,2000,2,0,9267,2012,2,0
168,000001.XSHE,2023-11-22 09:15:00.060,10.48,2000,2,0,9296,2012,2,0
169,000001.XSHE,2023-11-22 09:15:00.060,11.31,1000,2,0,9603,2012,2,0
170,000001.XSHE,2023-11-22 09:15:00.060,9.96,17200,1,0,9746,2012,2,0
171,000001.XSHE,2023-11-22 09:15:00.060,10.49,200,2,0,9792,2012,2,0
172,000001.XSHE,2023-11-22 09:15:00.060,10.59,200,2,0,9862,2012,2,0
173,000001.XSHE,2023-11-22 09:15:00.060,10.67,200,2,0,9892,2012,2,0
174,000001.XSHE,2023-11-22 09:15:00.060,10.38,3000,2,0,9951,2012,2,0
175,000001.XSHE,2023-11-22 09:15:00.060,10.16,10000,1,0,9953,2012,2,0
176,000001.XSHE,2023-11-22 09:15:00.060,10.58,2100,2,0,10009,2012,2,0
177,000001.XSHE,2023-11-22 09:15:00.060,10.44,700,2,0,10056,2012,2,0
178,000001.XSHE,2023-11-22 09:15:00.060,11.21,5400,2,0,10192,2012,2,0
179,000001.XSHE,2023-11-22 09:15:00.060,11.31,1000,2,0,10255,2012,2,0
180,000001.XSHE,2023-11-22 09:15:00.060,10.15,1000,1,0,10504,2012,2,0
181,000001.XSHE,2023-11-22 09:15:00.060,10.92,8000,2,0,10627,2012,2,0
182,000001.XSHE,2023-11-22 09:15:00.060,10.37,1600,2,0,10649,2012,2,0
183,000001.XSHE,2023-11-22 09:15:00.060,10.13,5000,1,0,10695,2012,2,0
184,000001.XSHE,2023-11-22 09:15:00.060,10.06,100,1,0,10734,2012,2,0
185,000001.XSHE,2023-11-22 09:15:00.060,10.99,1000,2,0,11126,2012,2,0
186,000001.XSHE,2023-11-22 09:15:00.060,10.4,1000,2,0,11137,2012,2,0
187,000001.XSHE,2023-11-22 09:15:00.060,10.5,1000,2,0,11163,2012,2,0
188,000001.XSHE,2023-11-22 09:15:00.070,10.55,1000,2,0,11245,2012,2,0
189,000001.XSHE,2023-11-22 09:15:00.070,10.6,1000,2,0,11264,2012,2,0
190,000001.XSHE,2023-11-22 09:15:00.070,10.29,10000,2,0,11344,2012,2,0
191,000001.XSHE,2023-11-22 09:15:00.070,10.9,1000,2,0,11389,2012,2,0
192,000001.XSHE,2023-11-22 09:15:00.070,10.59,100,2,0,11547,2012,2,0
193,000001.XSHE,2023-11-22 09:15:00.070,11.05,1000,2,0,11642,2012,2,0
194,000001.XSHE,2023-11-22 09:15:00.070,11.15,1000,2,0,11791,2012,2,0
195,000001.XSHE,2023-11-22 09:15:00.070,10.7,300,2,0,12075,2012,2,0
196,000001.XSHE,2023-11-22 09:15:00.070,11.31,200,2,0,12175,2012,2,0
197,000001.XSHE,2023-11-22 09:15:00.070,10.3,10000,2,0,12241,2012,2,0
198,000001.XSHE,2023-11-22 09:15:00.070,10.15,900,1,0,12251,2012,2,0
199,000001.XSHE,2023-11-22 09:15:00.070,10.1,900,1,0,12341,2012,2,0
200,000001.XSHE,2023-11-22 09:15:00.070,9.98,1000,1,0,12412,2012,2,0
201,000001.XSHE,2023-11-22 09:15:00.070,10.11,30500,1,0,12424,2012,2,0
202,000001.XSHE,2023-11-22 09:15:00.070,10.38,500,2,0,12427,2012,2,0
203,000001.XSHE,2023-11-22 09:15:00.070,10.48,5000,2,0,12521,2012,2,0
204,000001.XSHE,2023-11-22 09:15:00.070,11.31,1800,2,0,12611,2012,2,0
205,000001.XSHE,2023-11-22 09:15:00.070,10.1,500,1,0,12646,2012,2,0
206,000001.XSHE,2023-11-22 09:15:00.070,10.0,8000,1,0,12673,2012,2,0
207,000001.XSHE,2023-11-22 09:15:00.070,9.9,600,1,0,12677,2012,2,0
208,000001.XSHE,2023-11-22 09:15:00.070,10.4,500,2,0,12854,2012,2,0
209,000001.XSHE,2023-11-22 09:15:00.070,10.5,500,2,0,12860,2012,2,0
210,000001.XSHE,2023-11-22 09:15:00.070,10.23,3000,1,0,12891,2012,2,0
211,000001.XSHE,2023-11-22 09:15:00.070,10.18,3500,1,0,12898,2012,2,0
212,000001.XSHE,2023-11-22 09:15:00.070,10.6,500,2,0,12921,2012,2,0
213,000001.XSHE,2023-11-22 09:15:00.070,10.7,2000,2,0,12922,2012,2,0
214,000001.XSHE,2023-11-22 09:15:00.070,10.8,1000,2,0,12924,2012,2,0
215,000001.XSHE,2023-11-22 09:15:00.070,10.25,1500,1,0,12925,2012,2,0
216,000001.XSHE,2023-11-22 09:15:00.070,10.13,4000,1,0,12955,2012,2,0
217,000001.XSHE,2023-11-22 09:15:00.070,10.08,4500,1,0,12992,2012,2,0
218,000001.XSHE,2023-11-22 09:15:00.070,10.9,1000,2,0,12995,2012,2,0
219,000001.XSHE,2023-11-22 09:15:00.070,10.03,5000,1,0,13019,2012,2,0
220,000001.XSHE,2023-11-22 09:15:00.070,9.98,6000,1,0,13058,2012,2,0
221,000001.XSHE,2023-11-22 09:15:00.070,10.4,1500,2,0,13061,2012,2,0
222,000001.XSHE,2023-11-22 09:15:00.070,11.0,1000,2,0,13126,2012,2,0
223,000001.XSHE,2023-11-22 09:15:00.070,10.99,500,2,0,13137,2012,2,0
224,000001.XSHE,2023-11-22 09:15:00.070,9.99,500,1,0,13138,2012,2,0
225,000001.XSHE,2023-11-22 09:15:00.070,10.36,900,2,0,13162,2012,2,0
226,000001.XSHE,2023-11-22 09:15:00.070,11.1,1000,2,0,13163,2012,2,0
227,000001.XSHE,2023-11-22 09:15:00.070,11.2,1000,2,0,13164,2012,2,0
228,000001.XSHE,2023-11-22 09:15:00.070,11.31,1000,2,0,13223,2012,2,0
229,000001.XSHE,2023-11-22 09:15:00.070,10.4,2000,2,0,13382,2012,2,0
230,000001.XSHE,2023-11-22 09:15:00.070,10.59,800,2,0,13437,2012,2,0
231,000001.XSHE,2023-11-22 09:15:00.080,10.32,100,2,0,13548,2012,2,0
232,000001.XSHE,2023-11-22 09:15:00.080,10.33,100,2,0,13561,2012,2,0
233,000001.XSHE,2023-11-22 09:15:00.080,10.12,2500,1,0,13719,2012,2,0
234,000001.XSHE,2023-11-22 09:15:00.080,10.34,100,2,0,13760,2012,2,0
235,000001.XSHE,2023-11-22 09:15:00.080,10.09,2500,1,0,13779,2012,2,0
236,000001.XSHE,2023-11-22 09:15:00.080,10.39,600,2,0,13789,2012,2,0
237,000001.XSHE,2023-11-22 09:15:00.080,10.55,3700,2,0,13790,2012,2,0
238,000001.XSHE,2023-11-22 09:15:00.080,10.35,100,2,0,13912,2012,2,0
239,000001.XSHE,2023-11-22 09:15:00.080,10.45,2000,2,0,14028,2012,2,0
240,000001.XSHE,2023-11-22 09:15:00.080,10.54,500,2,0,14065,2012,2,0
241,000001.XSHE,2023-11-22 09:15:00.080,10.5,2000,2,0,14090,2012,2,0
242,000001.XSHE,2023-11-22 09:15:00.080,10.55,2000,2,0,14091,2012,2,0
243,000001.XSHE,2023-11-22 09:15:00.080,10.49,3900,2,0,14125,2012,2,0
244,000001.XSHE,2023-11-22 09:15:00.080,10.78,2200,2,0,14160,2012,2,0
245,000001.XSHE,2023-11-22 09:15:00.080,10.36,100,2,0,14170,2012,2,0
246,000001.XSHE,2023-11-22 09:15:00.080,10.16,5000,1,0,14232,2012,2,0
247,000001.XSHE,2023-11-22 09:15:00.080,11.31,3000,2,0,14241,2012,2,0
248,000001.XSHE,2023-11-22 09:15:00.080,10.98,500,1,0,14329,2012,2,0
249,000001.XSHE,2023-11-22 09:15:00.080,10.37,100,2,0,14410,2012,2,0
250,000001.XSHE,2023-11-22 09:15:00.080,10.38,100,2,0,14601,2012,2,0
251,000001.XSHE,2023-11-22 09:15:00.080,10.6,500,2,0,14649,2012,2,0
252,000001.XSHE,2023-11-22 09:15:00.080,10.65,500,2,0,14651,2012,2,0
253,000001.XSHE,2023-11-22 09:15:00.080,10.7,500,2,0,14798,2012,2,0
254,000001.XSHE,2023-11-22 09:15:00.080,10.75,500,2,0,14811,2012,2,0
255,000001.XSHE,2023-11-22 09:15:00.080,9.25,800,1,0,14818,2012,2,0
256,000001.XSHE,2023-11-22 09:15:00.080,10.39,100,2,0,14848,2012,2,0
257,000001.XSHE,2023-11-22 09:15:00.080,10.8,500,2,0,14857,2012,2,0
258,000001.XSHE,2023-11-22 09:15:00.080,10.85,500,2,0,14864,2012,2,0
259,000001.XSHE,2023-11-22 09:15:00.080,10.9,500,2,0,14865,2012,2,0
260,000001.XSHE,2023-11-22 09:15:00.080,10.45,300,2,0,14870,2012,2,0
261,000001.XSHE,2023-11-22 09:15:00.080,10.6,300,2,0,14871,2012,2,0
262,000001.XSHE,2023-11-22 09:15:00.080,10.95,500,2,0,14889,2012,2,0
263,000001.XSHE,2023-11-22 09:15:00.080,10.06,500,1,0,14904,2012,2,0
264,000001.XSHE,2023-11-22 09:15:00.080,10.46,2000,2,0,14933,2012,2,0
265,000001.XSHE,2023-11-22 09:15:00.080,10.01,500,1,0,14938,2012,2,0
266,000001.XSHE,2023-11-22 09:15:00.080,10.85,10000,2,0,14962,2012,2,0
267,000001.XSHE,2023-11-22 09:15:00.080,10.4,100,2,0,15062,2012,2,0
268,000001.XSHE,2023-11-22 09:15:00.080,10.01,200,1,0,15145,2012,2,0
269,000001.XSHE,2023-11-22 09:15:00.080,10.82,200,2,0,15148,2012,2,0
270,000001.XSHE,2023-11-22 09:15:00.080,10.41,100,2,0,15305,2012,2,0
271,000001.XSHE,2023-11-22 09:15:00.080,11.0,200,2,0,15374,2012,2,0
272,000001.XSHE,2023-11-22 09:15:00.080,10.34,2800,2,0,15473,2012,2,0
273,000001.XSHE,2023-11-22 09:15:00.080,10.35,2800,2,0,15474,2012,2,0
274,000001.XSHE,2023-11-22 09:15:00.080,10.15,3000,1,0,15484,2012,2,0
275,000001.XSHE,2023-11-22 09:15:00.080,10.49,300,2,0,15818,2012,2,0
276,000001.XSHE,2023-11-22 09:15:00.080,11.3,1200,2,0,15868,2012,2,0
277,000001.XSHE,2023-11-22 09:15:00.080,10.42,100,2,0,15943,2012,2,0
278,000001.XSHE,2023-11-22 09:15:00.080,10.38,1000,2,0,15949,2012,2,0
279,000001.XSHE,2023-11-22 09:15:00.080,10.3,1000,2,0,16016,2012,2,0
280,000001.XSHE,2023-11-22 09:15:00.080,11.31,900,2,0,16039,2012,2,0
281,000001.XSHE,2023-11-22 09:15:00.080,10.43,100,2,0,16053,2012,2,0
282,000001.XSHE,2023-11-22 09:15:00.080,10.19,700,1,0,16220,2012,2,0
283,000001.XSHE,2023-11-22 09:15:00.080,10.48,100,2,0,16368,2012,2,0
284,000001.XSHE,2023-11-22 09:15:00.080,10.44,100,2,0,16422,2012,2,0
285,000001.XSHE,2023-11-22 09:15:00.080,10.45,100,2,0,16525,2012,2,0
286,000001.XSHE,2023-11-22 09:15:00.090,10.3,900,1,0,16687,2012,2,0
287,000001.XSHE,2023-11-22 09:15:00.090,10.2,7100,1,0,16692,2012,2,0
288,000001.XSHE,2023-11-22 09:15:00.090,10.46,100,2,0,16814,2012,2,0
289,000001.XSHE,2023-11-22 09:15:00.090,10.59,400,2,0,17025,2012,2,0
290,000001.XSHE,2023-11-22 09:15:00.090,10.9,10000,2,0,17069,2012,2,0
291,000001.XSHE,2023-11-22 09:15:00.090,11.2,2100,2,0,17070,2012,2,0
292,000001.XSHE,2023-11-22 09:15:00.090,10.47,100,2,0,17085,2012,2,0
293,000001.XSHE,2023-11-22 09:15:00.090,10.6,2000,2,0,17470,2012,2,0
294,000001.XSHE,2023-11-22 09:15:00.090,10.48,100,2,0,17510,2012,2,0
295,000001.XSHE,2023-11-22 09:15:00.090,10.39,1000,2,0,17609,2012,2,0
296,000001.XSHE,2023-11-22 09:15:00.090,10.49,1000,2,0,17611,2012,2,0
297,000001.XSHE,2023-11-22 09:15:00.090,10.59,1000,2,0,17613,2012,2,0
298,000001.XSHE,2023-11-22 09:15:00.090,10.49,100,2,0,17718,2012,2,0
299,000001.XSHE,2023-11-22 09:15:00.090,11.31,5300,2,0,17719,2012,2,0
300,000001.XSHE,2023-11-22 09:15:00.090,10.98,4400,2,0,17885,2012,2,0
301,000001.XSHE,2023-11-22 09:15:00.090,11.31,12480,2,0,17894,2012,2,0
302,000001.XSHE,2023-11-22 09:15:00.090,10.5,100,2,0,18021,2012,2,0
303,000001.XSHE,2023-11-22 09:15:00.090,10.33,40000,2,0,18125,2012,2,0
304,000001.XSHE,2023-11-22 09:15:00.090,10.51,100,2,0,18222,2012,2,0
305,000001.XSHE,2023-11-22 09:15:00.090,10.49,2000,2,0,18265,2012,2,0
306,000001.XSHE,2023-11-22 09:15:00.090,11.19,2000,2,0,18266,2012,2,0
307,000001.XSHE,2023-11-22 09:15:00.090,11.31,2000,2,0,18267,2012,2,0
308,000001.XSHE,2023-11-22 09:15:00.090,9.78,100,1,0,18272,2012,2,0
309,000001.XSHE,2023-11-22 09:15:00.090,11.31,3000,2,0,18311,2012,2,0
310,000001.XSHE,2023-11-22 09:15:00.090,10.98,2000,2,0,18312,2012,2,0
311,000001.XSHE,2023-11-22 09:15:00.090,10.68,1500,2,0,18313,2012,2,0
312,000001.XSHE,2023-11-22 09:15:00.090,10.38,1000,2,0,18314,2012,2,0
313,000001.XSHE,2023-11-22 09:15:00.090,10.45,1000,2,0,18385,2012,2,0
314,000001.XSHE,2023-11-22 09:15:00.090,10.02,4600,1,0,18456,2012,2,0
315,000001.XSHE,2023-11-22 09:15:00.090,10.49,1000,2,0,18466,2012,2,0
316,000001.XSHE,2023-11-22 09:15:00.090,10.66,3000,2,0,18481,2012,2,0
317,000001.XSHE,2023-11-22 09:15:00.090,10.52,100,2,0,18484,2012,2,0
318,000001.XSHE,2023-11-22 09:15:00.090,10.57,2000,2,0,18570,2012,2,0
319,000001.XSHE,2023-11-22 09:15:00.090,10.53,100,2,0,18612,2012,2,0
320,000001.XSHE,2023-11-22 09:15:00.090,10.44,3200,2,0,18729,2012,2,0
321,000001.XSHE,2023-11-22 09:15:00.090,11.3,6600,2,0,18730,2012,2,0
322,000001.XSHE,2023-11-22 09:15:00.090,10.51,300,2,0,18864,2012,2,0
323,000001.XSHE,2023-11-22 09:15:00.090,10.61,300,2,0,18873,2012,2,0
324,000001.XSHE,2023-11-22 09:15:00.090,10.18,6900,1,0,18961,2012,2,0
325,000001.XSHE,2023-11-22 09:15:00.090,10.14,13400,1,0,18966,2012,2,0
326,000001.XSHE,2023-11-22 09:15:00.090,10.54,100,2,0,19029,2012,2,0
327,000001.XSHE,2023-11-22 09:15:00.090,10.55,100,2,0,19135,2012,2,0
328,000001.XSHE,2023-11-22 09:15:00.090,11.1,400,2,0,19149,2012,2,0
329,000001.XSHE,2023-11-22 09:15:00.090,11.28,40000,2,0,19158,2012,2,0
330,000001.XSHE,2023-11-22 09:15:00.090,10.32,30000,2,0,19236,2012,2,0
331,000001.XSHE,2023-11-22 09:15:00.090,10.35,20000,2,0,19266,2012,2,0
332,000001.XSHE,2023-11-22 09:15:00.090,10.4,20000,2,0,19304,2012,2,0
333,000001.XSHE,2023-11-22 09:15:00.090,10.45,20000,2,0,19306,2012,2,0
334,000001.XSHE,2023-11-22 09:15:00.090,10.5,20000,2,0,19307,2012,2,0
335,000001.XSHE,2023-11-22 09:15:00.090,10.55,20000,2,0,19308,2012,2,0
336,000001.XSHE,2023-11-22 09:15:00.090,10.6,30000,2,0,19309,2012,2,0
337,000001.XSHE,2023-11-22 09:15:00.090,10.69,100,2,0,19316,2012,2,0
338,000001.XSHE,2023-11-22 09:15:00.090,10.56,100,2,0,19330,2012,2,0
339,000001.XSHE,2023-11-22 09:15:00.090,10.01,400,1,0,19338,2012,2,0
340,000001.XSHE,2023-11-22 09:15:00.090,10.14,1000,1,0,19537,2012,2,0
341,000001.XSHE,2023-11-22 09:15:00.090,10.45,800,2,0,19647,2012,2,0
342,000001.XSHE,2023-11-22 09:15:00.090,10.7,800,2,0,19648,2012,2,0
343,000001.XSHE,2023-11-22 09:15:00.100,10.57,100,2,0,19790,2012,2,0
344,000001.XSHE,2023-11-22 09:15:00.100,10.4,400,2,0,19894,2012,2,0
345,000001.XSHE,2023-11-22 09:15:00.100,10.39,900,2,0,19927,2012,2,0
346,000001.XSHE,2023-11-22 09:15:00.100,10.19,500,1,0,20088,2012,2,0
347,000001.XSHE,2023-11-22 09:15:00.100,10.65,100,2,0,20113,2012,2,0
348,000001.XSHE,2023-11-22 09:15:00.100,10.0,100,1,0,20115,2012,2,0
349,000001.XSHE,2023-11-22 09:15:00.100,10.1,100,1,0,20119,2012,2,0
350,000001.XSHE,2023-11-22 09:15:00.100,10.42,700,2,0,20153,2012,2,0
351,000001.XSHE,2023-11-22 09:15:00.100,10.58,100,2,0,20201,2012,2,0
352,000001.XSHE,2023-11-22 09:15:00.100,11.3,2000,2,0,20222,2012,2,0
353,000001.XSHE,2023-11-22 09:15:00.100,10.59,100,2,0,20326,2012,2,0
354,000001.XSHE,2023-11-22 09:15:00.100,10.59,2400,2,0,20678,2012,2,0
355,000001.XSHE,2023-11-22 09:15:00.100,10.6,100,2,0,20701,2012,2,0
356,000001.XSHE,2023-11-22 09:15:00.100,10.61,100,2,0,21012,2012,2,0
357,000001.XSHE,2023-11-22 09:15:00.100,10.5,400,2,0,21030,2012,2,0
358,000001.XSHE,2023-11-22 09:15:00.100,10.62,100,2,0,21330,2012,2,0
359,000001.XSHE,2023-11-22 09:15:00.100,10.32,700,2,0,21400,2012,2,0
360,000001.XSHE,2023-11-22 09:15:00.100,10.15,800,1,0,21401,2012,2,0
361,000001.XSHE,2023-11-22 09:15:00.100,10.63,100,2,0,21490,2012,2,0
362,000001.XSHE,2023-11-22 09:15:00.100,10.44,2000,2,0,21718,2012,2,0
363,000001.XSHE,2023-11-22 09:15:00.100,10.66,1000,2,0,21720,2012,2,0
364,000001.XSHE,2023-11-22 09:15:00.100,10.99,1000,2,0,21722,2012,2,0
365,000001.XSHE,2023-11-22 09:15:00.100,11.31,1000,2,0,21723,2012,2,0
366,000001.XSHE,2023-11-22 09:15:00.100,10.2,500,1,0,21879,2012,2,0
367,000001.XSHE,2023-11-22 09:15:00.100,10.16,1500,1,0,21918,2012,2,0
368,000001.XSHE,2023-11-22 09:15:00.100,10.59,2000,2,0,21977,2012,2,0
369,000001.XSHE,2023-11-22 09:15:00.100,10.93,5500,2,0,22048,2012,2,0
370,000001.XSHE,2023-11-22 09:15:00.100,10.64,100,2,0,22051,2012,2,0
371,000001.XSHE,2023-11-22 09:15:00.100,10.67,19200,2,0,22082,2012,2,0
372,000001.XSHE,2023-11-22 09:15:00.100,10.42,2000,2,0,22084,2012,2,0
373,000001.XSHE,2023-11-22 09:15:00.100,10.73,200,2,0,22119,2012,2,0
374,000001.XSHE,2023-11-22 09:15:00.100,10.09,200,1,0,22134,2012,2,0
375,000001.XSHE,2023-11-22 09:15:00.100,10.06,200,1,0,22179,2012,2,0
376,000001.XSHE,2023-11-22 09:15:00.100,10.65,100,2,0,22208,2012,2,0
377,000001.XSHE,2023-11-22 09:15:00.100,10.28,100,1,0,22524,2012,2,0
378,000001.XSHE,2023-11-22 09:15:00.100,10.39,1000,2,0,22559,2012,2,0
379,000001.XSHE,2023-11-22 09:15:00.100,10.58,300,2,0,22564,2012,2,0
380,000001.XSHE,2023-11-22 09:15:00.100,10.22,100,1,0,22578,2012,2,0
381,000001.XSHE,2023-11-22 09:15:00.100,10.35,100,2,0,22579,2012,2,0
382,000001.XSHE,2023-11-22 09:15:00.100,10.16,1000,1,0,22581,2012,2,0
383,000001.XSHE,2023-11-22 09:15:00.100,10.1,1000,1,0,22705,2012,2,0
384,000001.XSHE,2023-11-22 09:15:00.100,10.38,1500,2,0,22761,2012,2,0
385,000001.XSHE,2023-11-22 09:15:00.100,10.66,100,2,0,22857,2012,2,0
386,000001.XSHE,2023-11-22 09:15:00.100,10.43,1400,2,0,22908,2012,2,0
387,000001.XSHE,2023-11-22 09:15:00.100,10.55,300,2,0,23001,2012,2,0
388,000001.XSHE,2023-11-22 09:15:00.100,10.67,100,2,0,23086,2012,2,0
389,000001.XSHE,2023-11-22 09:15:00.100,11.31,2600,2,0,23088,2012,2,0
390,000001.XSHE,2023-11-22 09:15:00.100,10.28,1100,1,0,23194,2012,2,0
391,000001.XSHE,2023-11-22 09:15:00.110,9.95,100,1,0,23583,2012,2,0
392,000001.XSHE,2023-11-22 09:15:00.110,10.68,100,2,0,23666,2012,2,0
393,000001.XSHE,2023-11-22 09:15:00.110,10.69,100,2,0,23969,2012,2,0
394,000001.XSHE,2023-11-22 09:15:00.110,10.45,200,2,0,23987,2012,2,0
395,000001.XSHE,2023-11-22 09:15:00.110,10.4,300,2,0,24313,2012,2,0
396,000001.XSHE,2023-11-22 09:15:00.110,11.3,300,2,0,24643,2012,2,0
397,000001.XSHE,2023-11-22 09:15:00.110,10.7,100,2,0,24702,2012,2,0
398,000001.XSHE,2023-11-22 09:15:00.110,10.6,2500,2,0,24705,2012,2,0
399,000001.XSHE,2023-11-22 09:15:00.110,10.8,2500,2,0,24706,2012,2,0
400,000001.XSHE,2023-11-22 09:15:00.110,10.6,2500,2,0,24707,2012,2,0
401,000001.XSHE,2023-11-22 09:15:00.110,10.8,2500,2,0,24708,2012,2,0
402,000001.XSHE,2023-11-22 09:15:00.110,10.31,32800,2,0,24734,2012,2,0
403,000001.XSHE,2023-11-22 09:15:00.110,10.49,100000,2,0,24776,2012,2,0
404,000001.XSHE,2023-11-22 09:15:00.110,10.89,160000,2,0,24796,2012,2,0
405,000001.XSHE,2023-11-22 09:15:00.110,10.01,4000,1,0,24945,2012,2,0
406,000001.XSHE,2023-11-22 09:15:00.110,10.36,4000,2,0,24947,2012,2,0
407,000001.XSHE,2023-11-22 09:15:00.110,10.46,4000,2,0,24949,2012,2,0
408,000001.XSHE,2023-11-22 09:15:00.110,10.56,4000,2,0,24956,2012,2,0
409,000001.XSHE,2023-11-22 09:15:00.110,10.17,10000,1,0,24992,2012,2,0
410,000001.XSHE,2023-11-22 09:15:00.110,10.71,100,2,0,25021,2012,2,0
411,000001.XSHE,2023-11-22 09:15:00.110,10.29,1500,1,0,25083,2012,2,0
412,000001.XSHE,2023-11-22 09:15:00.110,10.58,1000,2,0,25198,2012,2,0
413,000001.XSHE,2023-11-22 09:15:00.110,10.72,100,2,0,25388,2012,2,0
414,000001.XSHE,2023-11-22 09:15:00.110,11.31,4000,2,0,25511,2012,2,0
415,000001.XSHE,2023-11-22 09:15:00.110,10.2,500,1,0,25571,2012,2,0
416,000001.XSHE,2023-11-22 09:15:00.110,10.73,100,2,0,25709,2012,2,0
417,000001.XSHE,2023-11-22 09:15:00.110,10.0,1000,1,0,26117,2012,2,0
418,000001.XSHE,2023-11-22 09:15:00.110,10.74,100,2,0,26201,2012,2,0
419,000001.XSHE,2023-11-22 09:15:00.110,10.28,494300,2,0,26447,2012,2,0
420,000001.XSHE,2023-11-22 09:15:00.110,10.5,1000,2,0,26501,2012,2,0
421,000001.XSHE,2023-11-22 09:15:00.110,10.75,100,2,0,26577,2012,2,0
422,000001.XSHE,2023-11-22 09:15:00.110,10.02,3000,1,0,26590,2012,2,0
423,000001.XSHE,2023-11-22 09:15:00.110,10.8,500,2,0,26743,2012,2,0
424,000001.XSHE,2023-11-22 09:15:00.110,10.29,500,1,0,26936,2012,2,0
425,000001.XSHE,2023-11-22 09:15:00.110,10.7,600,2,0,27098,2012,2,0
426,000001.XSHE,2023-11-22 09:15:00.110,10.76,100,2,0,27143,2012,2,0
427,000001.XSHE,2023-11-22 09:15:00.110,11.05,3800,2,0,27183,2012,2,0
428,000001.XSHE,2023-11-22 09:15:00.110,11.31,2000,2,0,27260,2012,2,0
429,000001.XSHE,2023-11-22 09:15:00.110,10.59,4900,2,0,27377,2012,2,0
430,000001.XSHE,2023-11-22 09:15:00.110,10.1,500,1,0,27545,2012,2,0
431,000001.XSHE,2023-11-22 09:15:00.120,10.77,100,2,0,27649,2012,2,0
432,000001.XSHE,2023-11-22 09:15:00.120,9.8,200,1,0,27732,2012,2,0
433,000001.XSHE,2023-11-22 09:15:00.120,10.78,100,2,0,28267,2012,2,0
434,000001.XSHE,2023-11-22 09:15:00.120,10.45,500,2,0,28392,2012,2,0
435,000001.XSHE,2023-11-22 09:15:00.120,10.16,1000,1,0,28590,2012,2,0
436,000001.XSHE,2023-11-22 09:15:00.120,10.39,1000,2,0,28615,2012,2,0
437,000001.XSHE,2023-11-22 09:15:00.120,10.79,100,2,0,28680,2012,2,0
438,000001.XSHE,2023-11-22 09:15:00.120,10.0,900,1,0,28754,2012,2,0
439,000001.XSHE,2023-11-22 09:15:00.120,10.02,2000,1,0,28895,2012,2,0
440,000001.XSHE,2023-11-22 09:15:00.120,10.85,9400,2,0,28935,2012,2,0
441,000001.XSHE,2023-11-22 09:15:00.120,10.8,100,2,0,28996,2012,2,0
442,000001.XSHE,2023-11-22 09:15:00.120,10.1,1000,1,0,29073,2012,2,0
443,000001.XSHE,2023-11-22 09:15:00.120,10.99,20000,2,0,29176,2012,2,0
444,000001.XSHE,2023-11-22 09:15:00.120,10.79,10000,2,0,29220,2012,2,0
445,000001.XSHE,2023-11-22 09:15:00.120,10.2,100,1,0,29227,2012,2,0
446,000001.XSHE,2023-11-22 09:15:00.120,10.43,12800,2,0,29270,2012,2,0
447,000001.XSHE,2023-11-22 09:15:00.120,10.81,100,2,0,29313,2012,2,0
448,000001.XSHE,2023-11-22 09:15:00.120,10.63,4000,2,0,29433,2012,2,0
449,000001.XSHE,2023-11-22 09:15:00.120,10.74,3000,2,0,29434,2012,2,0
450,000001.XSHE,2023-11-22 09:15:00.120,10.87,3000,2,0,29435,2012,2,0
451,000001.XSHE,2023-11-22 09:15:00.120,11.12,2000,2,0,29437,2012,2,0
452,000001.XSHE,2023-11-22 09:15:00.120,10.35,5000,2,0,29669,2012,2,0
453,000001.XSHE,2023-11-22 09:15:00.120,10.49,5000,2,0,29670,2012,2,0
454,000001.XSHE,2023-11-22 09:15:00.120,10.6,5000,2,0,29692,2012,2,0
455,000001.XSHE,2023-11-22 09:15:00.120,10.3,2300,2,0,29753,2012,2,0
456,000001.XSHE,2023-11-22 09:15:00.120,10.35,2300,2,0,29756,2012,2,0
457,000001.XSHE,2023-11-22 09:15:00.120,10.4,2300,2,0,29772,2012,2,0
458,000001.XSHE,2023-11-22 09:15:00.120,10.45,2200,2,0,29773,2012,2,0
459,000001.XSHE,2023-11-22 09:15:00.120,10.2,2300,1,0,29776,2012,2,0
460,000001.XSHE,2023-11-22 09:15:00.120,11.2,27900,2,0,29787,2012,2,0
461,000001.XSHE,2023-11-22 09:15:00.120,10.21,5000,1,0,29852,2012,2,0
462,000001.XSHE,2023-11-22 09:15:00.120,10.82,100,2,0,29878,2012,2,0
463,000001.XSHE,2023-11-22 09:15:00.120,10.71,300,2,0,29946,2012,2,0
464,000001.XSHE,2023-11-22 09:15:00.120,10.81,300,2,0,30012,2012,2,0
465,000001.XSHE,2023-11-22 09:15:00.120,11.11,600,2,0,30016,2012,2,0
466,000001.XSHE,2023-11-22 09:15:00.120,11.21,600,2,0,30018,2012,2,0
467,000001.XSHE,2023-11-22 09:15:00.120,11.3,1800,2,0,30025,2012,2,0
468,000001.XSHE,2023-11-22 09:15:00.120,10.18,1000,1,0,30097,2012,2,0
469,000001.XSHE,2023-11-22 09:15:00.120,11.29,100,2,0,30242,2012,2,0
470,000001.XSHE,2023-11-22 09:15:00.120,10.78,200,2,0,30285,2012,2,0
471,000001.XSHE,2023-11-22 09:15:00.120,10.95,800,2,0,30326,2012,2,0
472,000001.XSHE,2023-11-22 09:15:00.120,10.39,500,2,0,30366,2012,2,0
473,000001.XSHE,2023-11-22 09:15:00.120,10.48,500,2,0,30367,2012,2,0
474,000001.XSHE,2023-11-22 09:15:00.120,10.58,500,2,0,30368,2012,2,0
475,000001.XSHE,2023-11-22 09:15:00.120,10.19,500,1,0,30369,2012,2,0
476,000001.XSHE,2023-11-22 09:15:00.120,10.09,500,1,0,30370,2012,2,0
477,000001.XSHE,2023-11-22 09:15:00.120,10.83,100,2,0,30406,2012,2,0
478,000001.XSHE,2023-11-22 09:15:00.120,10.4,200,2,0,30435,2012,2,0
479,000001.XSHE,2023-11-22 09:15:00.120,10.99,300,2,0,30482,2012,2,0
480,000001.XSHE,2023-11-22 09:15:00.120,9.65,1800,1,0,30577,2012,2,0
481,000001.XSHE,2023-11-22 09:15:00.120,10.78,2000,2,0,30581,2012,2,0
482,000001.XSHE,2023-11-22 09:15:00.120,11.19,500,2,0,30646,2012,2,0
483,000001.XSHE,2023-11-22 09:15:00.120,9.97,500,1,0,30648,2012,2,0
484,000001.XSHE,2023-11-22 09:15:00.120,9.77,500,1,0,30649,2012,2,0
485,000001.XSHE,2023-11-22 09:15:00.120,9.57,500,1,0,30650,2012,2,0
486,000001.XSHE,2023-11-22 09:15:00.120,10.08,500,1,0,30689,2012,2,0
487,000001.XSHE,2023-11-22 09:15:00.120,10.45,5000,2,0,30746,2012,2,0
488,000001.XSHE,2023-11-22 09:15:00.120,10.0,200,1,0,30779,2012,2,0
489,000001.XSHE,2023-11-22 09:15:00.120,10.38,500,2,0,30835,2012,2,0
490,000001.XSHE,2023-11-22 09:15:00.120,10.61,500,2,0,30837,2012,2,0
491,000001.XSHE,2023-11-22 09:15:00.120,10.73,500,2,0,30839,2012,2,0
492,000001.XSHE,2023-11-22 09:15:00.120,10.85,500,2,0,30840,2012,2,0
493,000001.XSHE,2023-11-22 09:15:00.120,10.97,500,2,0,30842,2012,2,0
494,000001.XSHE,2023-11-22 09:15:00.120,11.09,500,2,0,30843,2012,2,0
495,000001.XSHE,2023-11-22 09:15:00.120,11.21,500,2,0,30845,2012,2,0
496,000001.XSHE,2023-11-22 09:15:00.120,10.84,100,2,0,30949,2012,2,0
497,000001.XSHE,2023-11-22 09:15:00.120,10.55,100,2,0,31056,2012,2,0
498,000001.XSHE,2023-11-22 09:15:00.120,10.75,200,2,0,31057,2012,2,0
499,000001.XSHE,2023-11-22 09:15:00.120,10.88,100,2,0,31058,2012,2,0
500,000001.XSHE,2023-11-22 09:15:00.120,10.98,200,2,0,31059,2012,2,0
501,000001.XSHE,2023-11-22 09:15:00.120,11.11,300,2,0,31060,2012,2,0
502,000001.XSHE,2023-11-22 09:15:00.120,11.22,200,2,0,31061,2012,2,0
503,000001.XSHE,2023-11-22 09:15:00.120,11.31,500,2,0,31077,2012,2,0
504,000001.XSHE,2023-11-22 09:15:00.120,9.99,500,1,0,31283,2012,2,0
505,000001.XSHE,2023-11-22 09:15:00.130,10.85,100,2,0,31340,2012,2,0
506,000001.XSHE,2023-11-22 09:15:00.130,10.12,1000,1,0,31341,2012,2,0
507,000001.XSHE,2023-11-22 09:15:00.130,11.28,300,2,0,31420,2012,2,0
508,000001.XSHE,2023-11-22 09:15:00.130,10.1,44000,1,0,31552,2012,2,0
509,000001.XSHE,2023-11-22 09:15:00.130,10.5,4800,2,0,31562,2012,2,0
510,000001.XSHE,2023-11-22 09:15:00.130,10.26,500,1,0,31660,2012,2,0
511,000001.XSHE,2023-11-22 09:15:00.130,10.86,100,2,0,31817,2012,2,0
512,000001.XSHE,2023-11-22 09:15:00.130,10.48,10000,2,0,32068,2012,2,0
513,000001.XSHE,2023-11-22 09:15:00.130,10.62,10000,2,0,32069,2012,2,0
514,000001.XSHE,2023-11-22 09:15:00.130,10.8,10000,2,0,32070,2012,2,0
515,000001.XSHE,2023-11-22 09:15:00.130,10.95,10000,2,0,32071,2012,2,0
516,000001.XSHE,2023-11-22 09:15:00.130,11.09,20000,2,0,32072,2012,2,0
517,000001.XSHE,2023-11-22 09:15:00.130,11.23,20000,2,0,32073,2012,2,0
518,000001.XSHE,2023-11-22 09:15:00.130,10.6,100,2,0,32221,2012,2,0
519,000001.XSHE,2023-11-22 09:15:00.130,10.87,100,2,0,32233,2012,2,0
520,000001.XSHE,2023-11-22 09:15:00.130,10.01,500,1,0,32302,2012,2,0
521,000001.XSHE,2023-11-22 09:15:00.130,10.48,500,2,0,32303,2012,2,0
522,000001.XSHE,2023-11-22 09:15:00.130,10.88,500,2,0,32304,2012,2,0
523,000001.XSHE,2023-11-22 09:15:00.130,10.25,10000,1,0,32381,2012,2,0
524,000001.XSHE,2023-11-22 09:15:00.130,10.21,10000,1,0,32382,2012,2,0
525,000001.XSHE,2023-11-22 09:15:00.130,10.15,10000,1,0,32384,2012,2,0
526,000001.XSHE,2023-11-22 09:15:00.130,10.11,10000,1,0,32386,2012,2,0
527,000001.XSHE,2023-11-22 09:15:00.130,10.05,10000,1,0,32387,2012,2,0
528,000001.XSHE,2023-11-22 09:15:00.130,10.01,10000,1,0,32389,2012,2,0
529,000001.XSHE,2023-11-22 09:15:00.130,10.39,10000,2,0,32392,2012,2,0
530,000001.XSHE,2023-11-22 09:15:00.130,11.3,4032,2,0,32450,2012,2,0
531,000001.XSHE,2023-11-22 09:15:00.130,11.3,3668,2,0,32451,2012,2,0
532,000001.XSHE,2023-11-22 09:15:00.130,9.92,700,1,0,32452,2012,2,0
533,000001.XSHE,2023-11-22 09:15:00.130,10.52,500,2,0,32453,2012,2,0
534,000001.XSHE,2023-11-22 09:15:00.130,10.51,1000,2,0,32489,2012,2,0
535,000001.XSHE,2023-11-22 09:15:00.130,11.0,1000,2,0,32569,2012,2,0
536,000001.XSHE,2023-11-22 09:15:00.130,10.0,1000,1,0,32573,2012,2,0
537,000001.XSHE,2023-11-22 09:15:00.130,9.5,1000,1,0,32575,2012,2,0
538,000001.XSHE,2023-11-22 09:15:00.130,10.13,5000,1,0,32664,2012,2,0
539,000001.XSHE,2023-11-22 09:15:00.130,10.88,100,2,0,32678,2012,2,0
540,000001.XSHE,2023-11-22 09:15:00.130,10.12,400,1,0,32747,2012,2,0
541,000001.XSHE,2023-11-22 09:15:00.130,10.68,400,2,0,32801,2012,2,0
542,000001.XSHE,2023-11-22 09:15:00.130,10.41,1000,2,0,32832,2012,2,0
543,000001.XSHE,2023-11-22 09:15:00.130,10.51,1000,2,0,32833,2012,2,0
544,000001.XSHE,2023-11-22 09:15:00.130,10.61,1000,2,0,32834,2012,2,0
545,000001.XSHE,2023-11-22 09:15:00.130,10.71,1000,2,0,32835,2012,2,0
546,000001.XSHE,2023-11-22 09:15:00.130,10.13,1000,1,0,32836,2012,2,0
547,000001.XSHE,2023-11-22 09:15:00.130,10.81,1000,2,0,32837,2012,2,0
548,000001.XSHE,2023-11-22 09:15:00.130,10.91,1000,2,0,32838,2012,2,0
549,000001.XSHE,2023-11-22 09:15:00.130,10.89,100,2,0,32855,2012,2,0
550,000001.XSHE,2023-11-22 09:15:00.130,10.33,3000,2,0,33076,2012,2,0
551,000001.XSHE,2023-11-22 09:15:00.130,10.38,3000,2,0,33077,2012,2,0
552,000001.XSHE,2023-11-22 09:15:00.130,10.44,10000,2,0,33114,2012,2,0
553,000001.XSHE,2023-11-22 09:15:00.130,10.49,10000,2,0,33115,2012,2,0
554,000001.XSHE,2023-11-22 09:15:00.130,10.54,10000,2,0,33154,2012,2,0
555,000001.XSHE,2023-11-22 09:15:00.130,10.59,10000,2,0,33157,2012,2,0
556,000001.XSHE,2023-11-22 09:15:00.130,10.64,10000,2,0,33159,2012,2,0
557,000001.XSHE,2023-11-22 09:15:00.130,10.59,1700,2,0,33240,2012,2,0
558,000001.XSHE,2023-11-22 09:15:00.130,10.84,1700,2,0,33241,2012,2,0
559,000001.XSHE,2023-11-22 09:15:00.130,10.64,1000,2,0,33248,2012,2,0
560,000001.XSHE,2023-11-22 09:15:00.130,10.69,10000,2,0,33250,2012,2,0
561,000001.XSHE,2023-11-22 09:15:00.130,10.74,10000,2,0,33256,2012,2,0
562,000001.XSHE,2023-11-22 09:15:00.130,10.79,10000,2,0,33260,2012,2,0
563,000001.XSHE,2023-11-22 09:15:00.130,10.84,10000,2,0,33267,2012,2,0
564,000001.XSHE,2023-11-22 09:15:00.130,10.88,600,2,0,33292,2012,2,0
565,000001.XSHE,2023-11-22 09:15:00.130,10.89,10000,2,0,33440,2012,2,0
566,000001.XSHE,2023-11-22 09:15:00.130,10.94,10000,2,0,33441,2012,2,0
567,000001.XSHE,2023-11-22 09:15:00.130,10.99,10000,2,0,33442,2012,2,0
568,000001.XSHE,2023-11-22 09:15:00.130,11.04,10000,2,0,33473,2012,2,0
569,000001.XSHE,2023-11-22 09:15:00.130,11.09,10000,2,0,33474,2012,2,0
570,000001.XSHE,2023-11-22 09:15:00.130,11.14,10000,2,0,33475,2012,2,0
571,000001.XSHE,2023-11-22 09:15:00.130,11.19,10000,2,0,33476,2012,2,0
572,000001.XSHE,2023-11-22 09:15:00.130,11.24,10000,2,0,33478,2012,2,0
573,000001.XSHE,2023-11-22 09:15:00.130,11.29,10000,2,0,33479,2012,2,0
574,000001.XSHE,2023-11-22 09:15:00.130,10.9,100,2,0,33510,2012,2,0
575,000001.XSHE,2023-11-22 09:15:00.130,10.4,1000,2,0,33716,2012,2,0
576,000001.XSHE,2023-11-22 09:15:00.130,10.45,1000,2,0,33718,2012,2,0
577,000001.XSHE,2023-11-22 09:15:00.130,10.5,1000,2,0,33719,2012,2,0
578,000001.XSHE,2023-11-22 09:15:00.130,10.6,1000,2,0,33722,2012,2,0
579,000001.XSHE,2023-11-22 09:15:00.130,10.25,100,1,0,33785,2012,2,0
580,000001.XSHE,2023-11-22 09:15:00.130,10.36,1000,2,0,33820,2012,2,0
581,000001.XSHE,2023-11-22 09:15:00.130,10.46,1000,2,0,33821,2012,2,0
582,000001.XSHE,2023-11-22 09:15:00.130,10.56,1000,2,0,33823,2012,2,0
583,000001.XSHE,2023-11-22 09:15:00.130,10.66,1000,2,0,33824,2012,2,0
584,000001.XSHE,2023-11-22 09:15:00.130,10.76,1000,2,0,33825,2012,2,0
585,000001.XSHE,2023-11-22 09:15:00.130,10.08,1000,1,0,33826,2012,2,0
586,000001.XSHE,2023-11-22 09:15:00.130,10.86,1000,2,0,33827,2012,2,0
587,000001.XSHE,2023-11-22 09:15:00.130,10.95,1000,2,0,33828,2012,2,0
588,000001.XSHE,2023-11-22 09:15:00.130,10.03,1600,1,0,34209,2012,2,0
589,000001.XSHE,2023-11-22 09:15:00.130,10.88,20000,2,0,34252,2012,2,0
590,000001.XSHE,2023-11-22 09:15:00.130,11.08,20000,2,0,34253,2012,2,0
591,000001.XSHE,2023-11-22 09:15:00.130,11.28,20000,2,0,34254,2012,2,0
592,000001.XSHE,2023-11-22 09:15:00.130,10.24,100,1,0,34272,2012,2,0
593,000001.XSHE,2023-11-22 09:15:00.130,10.43,1300,2,0,34419,2012,2,0
594,000001.XSHE,2023-11-22 09:15:00.130,10.8,600,2,0,34580,2012,2,0
595,000001.XSHE,2023-11-22 09:15:00.130,10.25,1500,2,0,34646,2012,2,0
596,000001.XSHE,2023-11-22 09:15:00.130,10.23,100,1,0,34669,2012,2,0
597,000001.XSHE,2023-11-22 09:15:00.140,11.31,800,2,0,34813,2012,2,0
598,000001.XSHE,2023-11-22 09:15:00.140,11.3,300,2,0,34845,2012,2,0
599,000001.XSHE,2023-11-22 09:15:00.140,10.12,3200,1,0,34947,2012,2,0
600,000001.XSHE,2023-11-22 09:15:00.140,10.49,3100,2,0,34959,2012,2,0
601,000001.XSHE,2023-11-22 09:15:00.140,10.67,3100,2,0,34960,2012,2,0
602,000001.XSHE,2023-11-22 09:15:00.140,10.69,3100,2,0,34961,2012,2,0
603,000001.XSHE,2023-11-22 09:15:00.140,10.74,3100,2,0,34962,2012,2,0
604,000001.XSHE,2023-11-22 09:15:00.140,10.77,3100,2,0,34963,2012,2,0
605,000001.XSHE,2023-11-22 09:15:00.140,10.99,3000,2,0,34964,2012,2,0
606,000001.XSHE,2023-11-22 09:15:00.140,11.09,2900,2,0,34965,2012,2,0
607,000001.XSHE,2023-11-22 09:15:00.140,11.18,2900,2,0,34966,2012,2,0
608,000001.XSHE,2023-11-22 09:15:00.140,10.22,100,1,0,34982,2012,2,0
609,000001.XSHE,2023-11-22 09:15:00.140,10.24,3000,1,0,35111,2012,2,0
610,000001.XSHE,2023-11-22 09:15:00.140,10.21,100,1,0,35194,2012,2,0
611,000001.XSHE,2023-11-22 09:15:00.140,10.69,9600,2,0,35327,2012,2,0
612,000001.XSHE,2023-11-22 09:15:00.140,10.1,500,1,0,35363,2012,2,0
613,000001.XSHE,2023-11-22 09:15:00.140,10.44,2000,2,0,35515,2012,2,0
614,000001.XSHE,2023-11-22 09:15:00.140,10.17,3000,1,0,35632,2012,2,0
615,000001.XSHE,2023-11-22 09:15:00.140,10.39,2000,2,0,35633,2012,2,0
616,000001.XSHE,2023-11-22 09:15:00.140,10.44,2000,2,0,35634,2012,2,0
617,000001.XSHE,2023-11-22 09:15:00.140,10.49,2000,2,0,35635,2012,2,0
618,000001.XSHE,2023-11-22 09:15:00.140,10.54,1900,2,0,35636,2012,2,0
619,000001.XSHE,2023-11-22 09:15:00.140,10.59,1900,2,0,35637,2012,2,0
620,000001.XSHE,2023-11-22 09:15:00.140,10.64,1900,2,0,35638,2012,2,0
621,000001.XSHE,2023-11-22 09:15:00.140,10.69,1900,2,0,35639,2012,2,0
622,000001.XSHE,2023-11-22 09:15:00.140,10.84,1900,2,0,35640,2012,2,0
623,000001.XSHE,2023-11-22 09:15:00.140,10.26,1100,1,0,35694,2012,2,0
624,000001.XSHE,2023-11-22 09:15:00.140,10.68,6600,2,0,35699,2012,2,0
625,000001.XSHE,2023-11-22 09:15:00.140,10.2,100,1,0,35790,2012,2,0
626,000001.XSHE,2023-11-22 09:15:00.140,11.0,1500,2,0,35796,2012,2,0
627,000001.XSHE,2023-11-22 09:15:00.140,10.69,4000,2,0,35919,2012,2,0
628,000001.XSHE,2023-11-22 09:15:00.140,10.84,3000,2,0,35920,2012,2,0
629,000001.XSHE,2023-11-22 09:15:00.140,10.98,3000,2,0,35921,2012,2,0
630,000001.XSHE,2023-11-22 09:15:00.140,11.0,200,2,0,36224,2012,2,0
631,000001.XSHE,2023-11-22 09:15:00.140,10.33,100,2,0,36312,2012,2,0
632,000001.XSHE,2023-11-22 09:15:00.140,10.05,1500,1,0,36565,2012,2,0
633,000001.XSHE,2023-11-22 09:15:00.140,10.22,4600,1,0,36596,2012,2,0
634,000001.XSHE,2023-11-22 09:15:00.140,10.49,2900,2,0,36723,2012,2,0
635,000001.XSHE,2023-11-22 09:15:00.140,10.22,10000,1,0,36943,2012,2,0
636,000001.XSHE,2023-11-22 09:15:00.140,11.31,3000,2,0,37167,2012,2,0
637,000001.XSHE,2023-11-22 09:15:00.140,11.3,500,2,0,37288,2012,2,0
638,000001.XSHE,2023-11-22 09:15:00.140,10.18,400,1,0,37396,2012,2,0
639,000001.XSHE,2023-11-22 09:15:00.140,10.4,900,2,0,37587,2012,2,0
640,000001.XSHE,2023-11-22 09:15:00.150,10.0,600,1,0,38350,2012,2,0
641,000001.XSHE,2023-11-22 09:15:00.150,10.01,2000,1,0,38355,2012,2,0
642,000001.XSHE,2023-11-22 09:15:00.150,11.12,400,2,0,38395,2012,2,0
643,000001.XSHE,2023-11-22 09:15:00.150,10.3,1000,2,0,38398,2012,2,0
644,000001.XSHE,2023-11-22 09:15:00.150,10.44,1100,2,0,38587,2012,2,0
645,000001.XSHE,2023-11-22 09:15:00.150,10.65,9600,2,0,38669,2012,2,0
646,000001.XSHE,2023-11-22 09:15:00.150,10.12,300,1,0,38673,2012,2,0
647,000001.XSHE,2023-11-22 09:15:00.150,10.22,200,1,0,38676,2012,2,0
648,000001.XSHE,2023-11-22 09:15:00.150,10.35,1000,2,0,38709,2012,2,0
649,000001.XSHE,2023-11-22 09:15:00.150,10.39,1000,2,0,38712,2012,2,0
650,000001.XSHE,2023-11-22 09:15:00.150,10.32,1500,2,0,38770,2012,2,0
651,000001.XSHE,2023-11-22 09:15:00.150,10.23,200,1,0,39058,2012,2,0
652,000001.XSHE,2023-11-22 09:15:00.150,10.05,200,1,0,39177,2012,2,0
653,000001.XSHE,2023-11-22 09:15:00.150,9.95,200,1,0,39208,2012,2,0
654,000001.XSHE,2023-11-22 09:15:00.150,10.39,200,2,0,39209,2012,2,0
655,000001.XSHE,2023-11-22 09:15:00.150,10.49,200,2,0,39210,2012,2,0
656,000001.XSHE,2023-11-22 09:15:00.150,10.59,200,2,0,39212,2012,2,0
657,000001.XSHE,2023-11-22 09:15:00.150,10.69,200,2,0,39213,2012,2,0
658,000001.XSHE,2023-11-22 09:15:00.150,10.15,10000,1,0,39239,2012,2,0
659,000001.XSHE,2023-11-22 09:15:00.150,10.0,10000,1,0,39361,2012,2,0
660,000001.XSHE,2023-11-22 09:15:00.150,10.0,1000,1,0,39405,2012,2,0
661,000001.XSHE,2023-11-22 09:15:00.150,10.0,800,1,0,39554,2012,2,0
662,000001.XSHE,2023-11-22 09:15:00.150,10.18,1400,1,0,39566,2012,2,0
663,000001.XSHE,2023-11-22 09:15:00.150,11.31,1500,2,0,39581,2012,2,0
664,000001.XSHE,2023-11-22 09:15:00.150,10.9,1700,2,0,39628,2012,2,0
665,000001.XSHE,2023-11-22 09:15:00.150,9.8,4000,1,0,39630,2012,2,0
666,000001.XSHE,2023-11-22 09:15:00.150,10.06,1000,1,0,39745,2012,2,0
667,000001.XSHE,2023-11-22 09:15:00.150,10.35,300,2,0,39921,2012,2,0
668,000001.XSHE,2023-11-22 09:15:00.150,10.0,500,1,0,39929,2012,2,0
669,000001.XSHE,2023-11-22 09:15:00.150,10.18,300,1,0,39940,2012,2,0
670,000001.XSHE,2023-11-22 09:15:00.150,10.4,500,2,0,39976,2012,2,0
671,000001.XSHE,2023-11-22 09:15:00.150,10.23,900,1,0,40044,2012,2,0
672,000001.XSHE,2023-11-22 09:15:00.150,11.31,800,2,0,40087,2012,2,0
673,000001.XSHE,2023-11-22 09:15:00.150,11.28,3200,2,0,40158,2012,2,0
674,000001.XSHE,2023-11-22 09:15:00.150,9.79,600,1,0,40168,2012,2,0
675,000001.XSHE,2023-11-22 09:15:00.150,11.0,600,2,0,40169,2012,2,0
676,000001.XSHE,2023-11-22 09:15:00.150,10.8,200,2,0,40256,2012,2,0
677,000001.XSHE,2023-11-22 09:15:00.150,10.41,4900,2,0,40298,2012,2,0
678,000001.XSHE,2023-11-22 09:15:00.150,11.29,300,2,0,40689,2012,2,0
679,000001.XSHE,2023-11-22 09:15:00.150,11.03,300,2,0,40690,2012,2,0
680,000001.XSHE,2023-11-22 09:15:00.150,11.21,600,2,0,40777,2012,2,0
681,000001.XSHE,2023-11-22 09:15:00.150,10.67,100,2,0,40787,2012,2,0
682,000001.XSHE,2023-11-22 09:15:00.150,10.28,12800,2,0,40842,2012,2,0
683,000001.XSHE,2023-11-22 09:15:00.160,10.12,100,1,0,40967,2012,2,0
684,000001.XSHE,2023-11-22 09:15:00.160,10.11,800,1,0,40995,2012,2,0
685,000001.XSHE,2023-11-22 09:15:00.160,10.4,800,2,0,41147,2012,2,0
686,000001.XSHE,2023-11-22 09:15:00.160,10.45,1000,2,0,41148,2012,2,0
687,000001.XSHE,2023-11-22 09:15:00.160,10.5,1000,2,0,41149,2012,2,0
688,000001.XSHE,2023-11-22 09:15:00.160,10.55,1000,2,0,41150,2012,2,0
689,000001.XSHE,2023-11-22 09:15:00.160,10.33,10700,1,0,41191,2012,2,0
690,000001.XSHE,2023-11-22 09:15:00.160,10.55,300,2,0,41408,2012,2,0
691,000001.XSHE,2023-11-22 09:15:00.160,10.78,300,2,0,41496,2012,2,0
692,000001.XSHE,2023-11-22 09:15:00.160,10.6,300,2,0,41600,2012,2,0
693,000001.XSHE,2023-11-22 09:15:00.160,10.12,1000,1,0,41774,2012,2,0
694,000001.XSHE,2023-11-22 09:15:00.160,10.18,1000,1,0,41775,2012,2,0
695,000001.XSHE,2023-11-22 09:15:00.160,10.37,1000,2,0,41776,2012,2,0
696,000001.XSHE,2023-11-22 09:15:00.160,10.5,1000,2,0,41777,2012,2,0
697,000001.XSHE,2023-11-22 09:15:00.160,11.31,12600,2,0,41974,2012,2,0
698,000001.XSHE,2023-11-22 09:15:00.160,10.18,5000,1,0,42091,2012,2,0
699,000001.XSHE,2023-11-22 09:15:00.160,10.08,5000,1,0,42093,2012,2,0
700,000001.XSHE,2023-11-22 09:15:00.160,10.6,4000,2,0,42394,2012,2,0
701,000001.XSHE,2023-11-22 09:15:00.160,10.0,600,1,0,42714,2012,2,0
702,000001.XSHE,2023-11-22 09:15:00.160,11.0,300,2,0,43203,2012,2,0
703,000001.XSHE,2023-11-22 09:15:00.160,11.1,200,2,0,43230,2012,2,0
704,000001.XSHE,2023-11-22 09:15:00.160,9.9,300,1,0,43232,2012,2,0
705,000001.XSHE,2023-11-22 09:15:00.160,10.63,500,2,0,43311,2012,2,0
706,000001.XSHE,2023-11-22 09:15:00.160,9.98,2000,1,0,43440,2012,2,0
707,000001.XSHE,2023-11-22 09:15:00.160,10.73,500,2,0,43481,2012,2,0
708,000001.XSHE,2023-11-22 09:15:00.160,10.83,500,2,0,43483,2012,2,0
709,000001.XSHE,2023-11-22 09:15:00.160,10.93,500,2,0,43488,2012,2,0
710,000001.XSHE,2023-11-22 09:15:00.160,10.39,700,2,0,43532,2012,2,0
711,000001.XSHE,2023-11-22 09:15:00.160,10.1,1000,1,0,43535,2012,2,0
712,000001.XSHE,2023-11-22 09:15:00.170,10.38,2500,2,0,44310,2012,2,0
713,000001.XSHE,2023-11-22 09:15:00.170,10.5,1000,2,0,44380,2012,2,0
714,000001.XSHE,2023-11-22 09:15:00.170,10.75,1000,2,0,44381,2012,2,0
715,000001.XSHE,2023-11-22 09:15:00.170,11.0,1000,2,0,44401,2012,2,0
716,000001.XSHE,2023-11-22 09:15:00.170,11.25,1000,2,0,44402,2012,2,0
717,000001.XSHE,2023-11-22 09:15:00.170,10.29,200,1,0,44645,2012,2,0
718,000001.XSHE,2023-11-22 09:15:00.170,10.26,100,1,0,44729,2012,2,0
719,000001.XSHE,2023-11-22 09:15:00.170,10.1,200,1,0,44811,2012,2,0
720,000001.XSHE,2023-11-22 09:15:00.170,10.21,8300,1,0,44828,2012,2,0
721,000001.XSHE,2023-11-22 09:15:00.170,10.1,3000,1,0,44858,2012,2,0
722,000001.XSHE,2023-11-22 09:15:00.170,10.65,2000,2,0,44912,2012,2,0
723,000001.XSHE,2023-11-22 09:15:00.170,10.0,500,1,0,44962,2012,2,0
724,000001.XSHE,2023-11-22 09:15:00.170,10.53,500,2,0,44976,2012,2,0
725,000001.XSHE,2023-11-22 09:15:00.170,10.94,28000,2,0,45061,2012,2,0
726,000001.XSHE,2023-11-22 09:15:00.170,11.29,30000,2,0,45064,2012,2,0
727,000001.XSHE,2023-11-22 09:15:00.170,10.08,3800,1,0,45239,2012,2,0
728,000001.XSHE,2023-11-22 09:15:00.170,10.55,1000,2,0,45315,2012,2,0
729,000001.XSHE,2023-11-22 09:15:00.170,10.9,1000,2,0,45905,2012,2,0
730,000001.XSHE,2023-11-22 09:15:00.170,11.0,1000,2,0,45906,2012,2,0
731,000001.XSHE,2023-11-22 09:15:00.170,11.1,1000,2,0,45907,2012,2,0
732,000001.XSHE,2023-11-22 09:15:00.170,11.2,1000,2,0,45908,2012,2,0
733,000001.XSHE,2023-11-22 09:15:00.170,9.9,1400,1,0,46052,2012,2,0
734,000001.XSHE,2023-11-22 09:15:00.170,10.6,500,2,0,46112,2012,2,0
735,000001.XSHE,2023-11-22 09:15:00.170,10.59,200,2,0,46140,2012,2,0
736,000001.XSHE,2023-11-22 09:15:00.170,10.49,1000,2,0,46444,2012,2,0
737,000001.XSHE,2023-11-22 09:15:00.170,11.28,1000,2,0,46551,2012,2,0
738,000001.XSHE,2023-11-22 09:15:00.170,11.31,1000,2,0,46612,2012,2,0
739,000001.XSHE,2023-11-22 09:15:00.170,11.21,900,2,0,46617,2012,2,0
740,000001.XSHE,2023-11-22 09:15:00.170,11.11,800,2,0,46618,2012,2,0
741,000001.XSHE,2023-11-22 09:15:00.170,10.06,100,1,0,46666,2012,2,0
742,000001.XSHE,2023-11-22 09:15:00.170,10.41,100,2,0,46667,2012,2,0
743,000001.XSHE,2023-11-22 09:15:00.170,10.57,100,2,0,46668,2012,2,0
744,000001.XSHE,2023-11-22 09:15:00.170,10.02,100,1,0,46671,2012,2,0
745,000001.XSHE,2023-11-22 09:15:00.170,11.11,1200,2,0,46747,2012,2,0
746,000001.XSHE,2023-11-22 09:15:00.170,9.9,1200,1,0,46749,2012,2,0
747,000001.XSHE,2023-11-22 09:15:00.170,10.74,200,2,0,46893,2012,2,0
748,000001.XSHE,2023-11-22 09:15:00.170,9.84,200,1,0,46894,2012,2,0
749,000001.XSHE,2023-11-22 09:15:00.170,10.74,200,2,0,46924,2012,2,0
750,000001.XSHE,2023-11-22 09:15:00.170,9.84,200,1,0,46925,2012,2,0
751,000001.XSHE,2023-11-22 09:15:00.170,10.39,1500,2,0,46959,2012,2,0
752,000001.XSHE,2023-11-22 09:15:00.170,10.45,1500,2,0,46961,2012,2,0
753,000001.XSHE,2023-11-22 09:15:00.170,10.5,2000,2,0,46964,2012,2,0
754,000001.XSHE,2023-11-22 09:15:00.170,10.24,1000,1,0,46970,2012,2,0
755,000001.XSHE,2023-11-22 09:15:00.170,11.22,4000,2,0,47149,2012,2,0
756,000001.XSHE,2023-11-22 09:15:00.180,11.28,500,2,0,47219,2012,2,0
757,000001.XSHE,2023-11-22 09:15:00.180,10.01,100,1,0,47364,2012,2,0
758,000001.XSHE,2023-11-22 09:15:00.180,10.45,1000,2,0,47412,2012,2,0
759,000001.XSHE,2023-11-22 09:15:00.180,10.88,2000,2,0,47549,2012,2,0
760,000001.XSHE,2023-11-22 09:15:00.180,10.72,1100,2,0,47870,2012,2,0
761,000001.XSHE,2023-11-22 09:15:00.180,10.34,1200,2,0,48144,2012,2,0
762,000001.XSHE,2023-11-22 09:15:00.180,10.68,300,2,0,48225,2012,2,0
763,000001.XSHE,2023-11-22 09:15:00.180,11.28,300,2,0,48226,2012,2,0
764,000001.XSHE,2023-11-22 09:15:00.180,10.88,2000,2,0,48291,2012,2,0
765,000001.XSHE,2023-11-22 09:15:00.180,11.31,93700,2,0,48339,2012,2,0
766,000001.XSHE,2023-11-22 09:15:00.180,10.88,200,2,0,48549,2012,2,0
767,000001.XSHE,2023-11-22 09:15:00.180,11.18,100,2,0,48550,2012,2,0
768,000001.XSHE,2023-11-22 09:15:00.180,10.88,1000,2,0,48589,2012,2,0
769,000001.XSHE,2023-11-22 09:15:00.180,10.29,100,1,0,48659,2012,2,0
770,000001.XSHE,2023-11-22 09:15:00.180,10.65,800,2,0,48860,2012,2,0
771,000001.XSHE,2023-11-22 09:15:00.180,11.21,3500,2,0,48935,2012,2,0
772,000001.XSHE,2023-11-22 09:15:00.180,10.0,200,1,0,49075,2012,2,0
773,000001.XSHE,2023-11-22 09:15:00.180,10.95,600,2,0,49166,2012,2,0
774,000001.XSHE,2023-11-22 09:15:00.180,10.18,200,1,0,49329,2012,2,0
775,000001.XSHE,2023-11-22 09:15:00.180,9.97,100,1,0,49333,2012,2,0
776,000001.XSHE,2023-11-22 09:15:00.180,9.77,100,1,0,49345,2012,2,0
777,000001.XSHE,2023-11-22 09:15:00.180,9.57,100,1,0,49346,2012,2,0
778,000001.XSHE,2023-11-22 09:15:00.190,10.21,500,1,0,49496,2012,2,0
779,000001.XSHE,2023-11-22 09:15:00.190,10.53,500,2,0,49745,2012,2,0
780,000001.XSHE,2023-11-22 09:15:00.190,10.2,1000,1,0,49887,2012,2,0
781,000001.XSHE,2023-11-22 09:15:00.190,10.59,5400,2,0,49919,2012,2,0
782,000001.XSHE,2023-11-22 09:15:00.190,10.35,100,2,0,50014,2012,2,0
783,000001.XSHE,2023-11-22 09:15:00.190,10.1,1000,1,0,50186,2012,2,0
784,000001.XSHE,2023-11-22 09:15:00.190,10.5,500,2,0,50316,2012,2,0
785,000001.XSHE,2023-11-22 09:15:00.190,10.38,1000,2,0,50345,2012,2,0
786,000001.XSHE,2023-11-22 09:15:00.190,10.48,1000,2,0,50346,2012,2,0
787,000001.XSHE,2023-11-22 09:15:00.190,10.58,1000,2,0,50347,2012,2,0
788,000001.XSHE,2023-11-22 09:15:00.190,10.1,1000,1,0,50349,2012,2,0
789,000001.XSHE,2023-11-22 09:15:00.190,10.68,1000,2,0,50351,2012,2,0
790,000001.XSHE,2023-11-22 09:15:00.190,10.78,1000,2,0,50352,2012,2,0
791,000001.XSHE,2023-11-22 09:15:00.190,10.88,1000,2,0,50353,2012,2,0
792,000001.XSHE,2023-11-22 09:15:00.190,10.98,1000,2,0,50354,2012,2,0
793,000001.XSHE,2023-11-22 09:15:00.190,11.08,1000,2,0,50355,2012,2,0
794,000001.XSHE,2023-11-22 09:15:00.190,11.18,1000,2,0,50356,2012,2,0
795,000001.XSHE,2023-11-22 09:15:00.190,11.28,1000,2,0,50357,2012,2,0
796,000001.XSHE,2023-11-22 09:15:00.190,10.12,1000,1,0,50358,2012,2,0
797,000001.XSHE,2023-11-22 09:15:00.190,10.02,1000,1,0,50359,2012,2,0
798,000001.XSHE,2023-11-22 09:15:00.190,10.1,100,1,0,50368,2012,2,0
799,000001.XSHE,2023-11-22 09:15:00.190,10.66,3000,2,0,50456,2012,2,0
800,000001.XSHE,2023-11-22 09:15:00.190,11.31,100,2,0,50731,2012,2,0
801,000001.XSHE,2023-11-22 09:15:00.190,11.31,100,2,0,50732,2012,2,0
802,000001.XSHE,2023-11-22 09:15:00.190,10.43,1000,2,0,50760,2012,2,0
803,000001.XSHE,2023-11-22 09:15:00.190,10.53,1000,2,0,50762,2012,2,0
804,000001.XSHE,2023-11-22 09:15:00.190,10.35,14000,2,0,50766,2012,2,0
805,000001.XSHE,2023-11-22 09:15:00.190,10.1,200,1,0,50869,2012,2,0
806,000001.XSHE,2023-11-22 09:15:00.190,10.66,600,2,0,50986,2012,2,0
807,000001.XSHE,2023-11-22 09:15:00.190,10.31,300,1,0,51099,2012,2,0
808,000001.XSHE,2023-11-22 09:15:00.190,10.51,300,2,0,51281,2012,2,0
809,000001.XSHE,2023-11-22 09:15:00.190,10.38,300,2,0,51497,2012,2,0
810,000001.XSHE,2023-11-22 09:15:00.200,10.59,2500,2,0,51629,2012,2,0
811,000001.XSHE,2023-11-22 09:15:00.200,10.54,3900,2,0,51846,2012,2,0
812,000001.XSHE,2023-11-22 09:15:00.200,11.28,800,2,0,52070,2012,2,0
813,000001.XSHE,2023-11-22 09:15:00.200,10.19,100,1,0,52426,2012,2,0
814,000001.XSHE,2023-11-22 09:15:00.200,10.68,2000,2,0,52569,2012,2,0
815,000001.XSHE,2023-11-22 09:15:00.200,10.2,600,1,0,52854,2012,2,0
816,000001.XSHE,2023-11-22 09:15:00.200,11.0,3000,2,0,52905,2012,2,0
817,000001.XSHE,2023-11-22 09:15:00.200,10.37,8000,2,0,53097,2012,2,0
818,000001.XSHE,2023-11-22 09:15:00.200,10.55,300,2,0,53232,2012,2,0
819,000001.XSHE,2023-11-22 09:15:00.200,10.59,300,2,0,53233,2012,2,0
820,000001.XSHE,2023-11-22 09:15:00.200,10.66,300,2,0,53234,2012,2,0
821,000001.XSHE,2023-11-22 09:15:00.200,10.69,300,2,0,53235,2012,2,0
822,000001.XSHE,2023-11-22 09:15:00.200,10.73,300,2,0,53236,2012,2,0
823,000001.XSHE,2023-11-22 09:15:00.200,10.77,300,2,0,53237,2012,2,0
824,000001.XSHE,2023-11-22 09:15:00.200,10.81,300,2,0,53238,2012,2,0
825,000001.XSHE,2023-11-22 09:15:00.200,10.85,300,2,0,53239,2012,2,0
826,000001.XSHE,2023-11-22 09:15:00.200,10.88,300,2,0,53240,2012,2,0
827,000001.XSHE,2023-11-22 09:15:00.200,10.91,300,2,0,53241,2012,2,0
828,000001.XSHE,2023-11-22 09:15:00.200,10.94,300,2,0,53243,2012,2,0
829,000001.XSHE,2023-11-22 09:15:00.200,10.99,500,2,0,53244,2012,2,0
830,000001.XSHE,2023-11-22 09:15:00.200,11.03,500,2,0,53245,2012,2,0
831,000001.XSHE,2023-11-22 09:15:00.200,11.07,500,2,0,53246,2012,2,0
832,000001.XSHE,2023-11-22 09:15:00.200,11.11,600,2,0,53247,2012,2,0
833,000001.XSHE,2023-11-22 09:15:00.200,11.16,1000,2,0,53250,2012,2,0
834,000001.XSHE,2023-11-22 09:15:00.200,11.22,1000,2,0,53251,2012,2,0
835,000001.XSHE,2023-11-22 09:15:00.200,11.29,1000,2,0,53252,2012,2,0
836,000001.XSHE,2023-11-22 09:15:00.200,11.31,1000,2,0,53253,2012,2,0
837,000001.XSHE,2023-11-22 09:15:00.200,10.45,500,2,0,53324,2012,2,0
838,000001.XSHE,2023-11-22 09:15:00.200,10.5,500,2,0,53325,2012,2,0
839,000001.XSHE,2023-11-22 09:15:00.200,10.55,500,2,0,53326,2012,2,0
840,000001.XSHE,2023-11-22 09:15:00.200,10.15,500,1,0,53327,2012,2,0
841,000001.XSHE,2023-11-22 09:15:00.200,10.0,700,1,0,53331,2012,2,0
842,000001.XSHE,2023-11-22 09:15:00.200,10.24,1500,2,0,53359,2012,2,0
843,000001.XSHE,2023-11-22 09:15:00.200,10.38,2500,2,0,53440,2012,2,0
844,000001.XSHE,2023-11-22 09:15:00.200,10.45,2500,2,0,53442,2012,2,0
845,000001.XSHE,2023-11-22 09:15:00.200,10.45,4000,2,0,53488,2012,2,0
846,000001.XSHE,2023-11-22 09:15:00.200,11.3,20000,2,0,53514,2012,2,0
847,000001.XSHE,2023-11-22 09:15:00.200,9.25,6400,1,0,53757,2012,2,0
848,000001.XSHE,2023-11-22 09:15:00.200,9.25,9000,1,0,53758,2012,2,0
849,000001.XSHE,2023-11-22 09:15:00.210,10.54,2300,2,0,53795,2012,2,0
850,000001.XSHE,2023-11-22 09:15:00.210,10.35,1000,2,0,53838,2012,2,0
851,000001.XSHE,2023-11-22 09:15:00.210,9.81,500,1,0,53959,2012,2,0
852,000001.XSHE,2023-11-22 09:15:00.210,10.0,5000,1,0,54147,2012,2,0
853,000001.XSHE,2023-11-22 09:15:00.210,11.0,2000,2,0,54148,2012,2,0
854,000001.XSHE,2023-11-22 09:15:00.210,10.77,900,2,0,54502,2012,2,0
855,000001.XSHE,2023-11-22 09:15:00.210,10.64,100,2,0,54556,2012,2,0
856,000001.XSHE,2023-11-22 09:15:00.210,11.12,500,2,0,54573,2012,2,0
857,000001.XSHE,2023-11-22 09:15:00.210,10.12,1000,1,0,54678,2012,2,0
858,000001.XSHE,2023-11-22 09:15:00.210,11.31,500,2,0,54794,2012,2,0
859,000001.XSHE,2023-11-22 09:15:00.220,10.51,1100,2,0,55382,2012,2,0
860,000001.XSHE,2023-11-22 09:15:00.220,10.85,200,2,0,55512,2012,2,0
861,000001.XSHE,2023-11-22 09:15:00.220,10.89,200,2,0,55513,2012,2,0
862,000001.XSHE,2023-11-22 09:15:00.220,10.8,1000,2,0,55523,2012,2,0
863,000001.XSHE,2023-11-22 09:15:00.220,11.3,3300,2,0,55601,2012,2,0
864,000001.XSHE,2023-11-22 09:15:00.220,9.25,200,1,0,55639,2012,2,0
865,000001.XSHE,2023-11-22 09:15:00.220,10.01,100,1,0,55640,2012,2,0
866,000001.XSHE,2023-11-22 09:15:00.220,11.31,200,2,0,55641,2012,2,0
867,000001.XSHE,2023-11-22 09:15:00.220,10.99,100,2,0,55642,2012,2,0
868,000001.XSHE,2023-11-22 09:15:00.220,10.21,2000,1,0,55677,2012,2,0
869,000001.XSHE,2023-11-22 09:15:00.220,10.2,2000,1,0,55678,2012,2,0
870,000001.XSHE,2023-11-22 09:15:00.220,10.19,2000,1,0,55679,2012,2,0
871,000001.XSHE,2023-11-22 09:15:00.220,9.91,1000,1,0,55986,2012,2,0
872,000001.XSHE,2023-11-22 09:15:00.220,11.28,100,2,0,56087,2012,2,0
873,000001.XSHE,2023-11-22 09:15:00.220,10.38,300,2,0,56118,2012,2,0
874,000001.XSHE,2023-11-22 09:15:00.220,10.25,1000,1,0,56368,2012,2,0
875,000001.XSHE,2023-11-22 09:15:00.220,9.91,100,1,0,56421,2012,2,0
876,000001.XSHE,2023-11-22 09:15:00.220,10.15,800,1,0,56435,2012,2,0
877,000001.XSHE,2023-11-22 09:15:00.220,11.0,400,2,0,56623,2012,2,0
878,000001.XSHE,2023-11-22 09:15:00.220,10.99,1000,2,0,56643,2012,2,0
879,000001.XSHE,2023-11-22 09:15:00.220,10.35,600,2,0,56696,2012,2,0
880,000001.XSHE,2023-11-22 09:15:00.220,10.37,600,2,0,56745,2012,2,0
881,000001.XSHE,2023-11-22 09:15:00.220,10.4,10000,2,0,56748,2012,2,0
882,000001.XSHE,2023-11-22 09:15:00.230,10.39,700,2,0,56774,2012,2,0
883,000001.XSHE,2023-11-22 09:15:00.230,10.41,700,2,0,56848,2012,2,0
884,000001.XSHE,2023-11-22 09:15:00.230,10.43,700,2,0,56861,2012,2,0
885,000001.XSHE,2023-11-22 09:15:00.230,10.37,200,2,0,56863,2012,2,0
886,000001.XSHE,2023-11-22 09:15:00.230,10.47,200,2,0,56865,2012,2,0
887,000001.XSHE,2023-11-22 09:15:00.230,10.12,200,1,0,56866,2012,2,0
888,000001.XSHE,2023-11-22 09:15:00.230,10.02,200,1,0,56867,2012,2,0
889,000001.XSHE,2023-11-22 09:15:00.230,10.4,300,2,0,56895,2012,2,0
890,000001.XSHE,2023-11-22 09:15:00.230,10.45,700,2,0,56909,2012,2,0
891,000001.XSHE,2023-11-22 09:15:00.230,10.47,800,2,0,56935,2012,2,0
892,000001.XSHE,2023-11-22 09:15:00.230,10.49,900,2,0,56939,2012,2,0
893,000001.XSHE,2023-11-22 09:15:00.230,10.1,8000,1,0,56976,2012,2,0
894,000001.XSHE,2023-11-22 09:15:00.230,10.51,900,2,0,57036,2012,2,0
895,000001.XSHE,2023-11-22 09:15:00.230,10.53,900,2,0,57037,2012,2,0
896,000001.XSHE,2023-11-22 09:15:00.230,10.55,900,2,0,57038,2012,2,0
897,000001.XSHE,2023-11-22 09:15:00.230,10.57,900,2,0,57039,2012,2,0
898,000001.XSHE,2023-11-22 09:15:00.230,10.59,900,2,0,57041,2012,2,0
899,000001.XSHE,2023-11-22 09:15:00.230,10.61,900,2,0,57044,2012,2,0
900,000001.XSHE,2023-11-22 09:15:00.230,10.63,900,2,0,57047,2012,2,0
901,000001.XSHE,2023-11-22 09:15:00.230,10.1,2000,1,0,57063,2012,2,0
902,000001.XSHE,2023-11-22 09:15:00.230,10.02,2500,1,0,57064,2012,2,0
903,000001.XSHE,2023-11-22 09:15:00.230,9.94,3000,1,0,57065,2012,2,0
904,000001.XSHE,2023-11-22 09:15:00.230,10.65,900,2,0,57089,2012,2,0
905,000001.XSHE,2023-11-22 09:15:00.230,10.67,900,2,0,57091,2012,2,0
906,000001.XSHE,2023-11-22 09:15:00.230,10.69,1000,2,0,57094,2012,2,0
907,000001.XSHE,2023-11-22 09:15:00.230,10.68,100,2,0,57151,2012,2,0
908,000001.XSHE,2023-11-22 09:15:00.230,10.42,700,2,0,57188,2012,2,0
909,000001.XSHE,2023-11-22 09:15:00.230,10.15,2500,1,0,57289,2012,2,0
910,000001.XSHE,2023-11-22 09:15:00.230,10.18,2500,1,0,57294,2012,2,0
911,000001.XSHE,2023-11-22 09:15:00.230,10.79,1000,2,0,57343,2012,2,0
912,000001.XSHE,2023-11-22 09:15:00.230,10.89,1000,2,0,57345,2012,2,0
913,000001.XSHE,2023-11-22 09:15:00.230,10.21,2200,1,0,57367,2012,2,0
914,000001.XSHE,2023-11-22 09:15:00.230,10.21,2300,1,0,57368,2012,2,0
915,000001.XSHE,2023-11-22 09:15:00.230,10.42,2500,2,0,57406,2012,2,0
916,000001.XSHE,2023-11-22 09:15:00.230,10.52,2500,2,0,57407,2012,2,0
917,000001.XSHE,2023-11-22 09:15:00.230,11.31,1800,2,0,57435,2012,2,0
918,000001.XSHE,2023-11-22 09:15:00.230,10.96,2000,2,0,57439,2012,2,0
919,000001.XSHE,2023-11-22 09:15:00.230,10.38,500,2,0,57520,2012,2,0
920,000001.XSHE,2023-11-22 09:15:00.230,9.9,400,1,0,57668,2012,2,0
921,000001.XSHE,2023-11-22 09:15:00.230,10.75,100,2,0,57669,2012,2,0
922,000001.XSHE,2023-11-22 09:15:00.230,10.45,100,2,0,57711,2012,2,0
923,000001.XSHE,2023-11-22 09:15:00.230,10.28,200,1,0,57717,2012,2,0
924,000001.XSHE,2023-11-22 09:15:00.230,11.31,100,2,0,57718,2012,2,0
925,000001.XSHE,2023-11-22 09:15:00.230,10.28,100,2,0,57857,2012,2,0
926,000001.XSHE,2023-11-22 09:15:00.230,10.06,200,1,0,57915,2012,2,0
927,000001.XSHE,2023-11-22 09:15:00.230,10.15,300,1,0,57945,2012,2,0
928,000001.XSHE,2023-11-22 09:15:00.230,11.05,100,2,0,58066,2012,2,0
929,000001.XSHE,2023-11-22 09:15:00.230,10.45,1000,2,0,58234,2012,2,0
930,000001.XSHE,2023-11-22 09:15:00.230,10.52,2000,2,0,58263,2012,2,0
931,000001.XSHE,2023-11-22 09:15:00.230,10.48,100,2,0,58370,2012,2,0
932,000001.XSHE,2023-11-22 09:15:00.240,11.2,700,2,0,58430,2012,2,0
933,000001.XSHE,2023-11-22 09:15:00.240,11.31,500,2,0,58512,2012,2,0
934,000001.XSHE,2023-11-22 09:15:00.240,10.68,400,2,0,58861,2012,2,0
935,000001.XSHE,2023-11-22 09:15:00.240,10.34,1000,2,0,59284,2012,2,0
936,000001.XSHE,2023-11-22 09:15:00.240,10.39,10000,2,0,59384,2012,2,0
937,000001.XSHE,2023-11-22 09:15:00.240,10.39,10000,2,0,59385,2012,2,0
938,000001.XSHE,2023-11-22 09:15:00.240,9.28,200,1,0,59386,2012,2,0
939,000001.XSHE,2023-11-22 09:15:00.240,10.53,200,2,0,59543,2012,2,0
940,000001.XSHE,2023-11-22 09:15:00.240,10.63,200,2,0,59544,2012,2,0
941,000001.XSHE,2023-11-22 09:15:00.240,10.73,200,2,0,59545,2012,2,0
942,000001.XSHE,2023-11-22 09:15:00.240,10.83,200,2,0,59546,2012,2,0
943,000001.XSHE,2023-11-22 09:15:00.240,10.93,200,2,0,59547,2012,2,0
944,000001.XSHE,2023-11-22 09:15:00.240,11.03,200,2,0,59548,2012,2,0
945,000001.XSHE,2023-11-22 09:15:00.240,11.13,200,2,0,59549,2012,2,0
946,000001.XSHE,2023-11-22 09:15:00.240,11.23,200,2,0,59550,2012,2,0
947,000001.XSHE,2023-11-22 09:15:00.240,11.31,400,2,0,59551,2012,2,0
948,000001.XSHE,2023-11-22 09:15:00.240,11.1,100,1,0,59796,2012,2,0
949,000001.XSHE,2023-11-22 09:15:00.240,10.55,200,2,0,59837,2012,2,0
950,000001.XSHE,2023-11-22 09:15:00.240,10.64,1000,2,0,59883,2012,2,0
951,000001.XSHE,2023-11-22 09:15:00.250,10.9,300,2,0,60291,2012,2,0
952,000001.XSHE,2023-11-22 09:15:00.250,11.3,500,2,0,60311,2012,2,0
953,000001.XSHE,2023-11-22 09:15:00.250,10.5,500,2,0,60483,2012,2,0
954,000001.XSHE,2023-11-22 09:15:00.250,10.67,2000,2,0,60540,2012,2,0
955,000001.XSHE,2023-11-22 09:15:00.250,10.1,5000,1,0,60739,2012,2,0
956,000001.XSHE,2023-11-22 09:15:00.250,10.04,5000,1,0,60742,2012,2,0
957,000001.XSHE,2023-11-22 09:15:00.250,9.98,5000,1,0,60743,2012,2,0
958,000001.XSHE,2023-11-22 09:15:00.250,10.35,10000,2,0,60753,2012,2,0
959,000001.XSHE,2023-11-22 09:15:00.250,10.36,10000,2,0,60754,2012,2,0
960,000001.XSHE,2023-11-22 09:15:00.250,10.37,10000,2,0,60755,2012,2,0
961,000001.XSHE,2023-11-22 09:15:00.250,10.32,10000,2,0,60773,2012,2,0
962,000001.XSHE,2023-11-22 09:15:00.250,10.34,10000,2,0,60774,2012,2,0
963,000001.XSHE,2023-11-22 09:15:00.250,10.27,5000,2,0,60775,2012,2,0
964,000001.XSHE,2023-11-22 09:15:00.250,10.33,5000,2,0,60776,2012,2,0
965,000001.XSHE,2023-11-22 09:15:00.250,10.21,5000,1,0,60777,2012,2,0
966,000001.XSHE,2023-11-22 09:15:00.250,10.51,700,2,0,60982,2012,2,0
967,000001.XSHE,2023-11-22 09:15:00.250,11.2,400,2,0,61113,2012,2,0
968,000001.XSHE,2023-11-22 09:15:00.260,10.89,500,2,0,61302,2012,2,0
969,000001.XSHE,2023-11-22 09:15:00.260,10.04,500,1,0,61303,2012,2,0
970,000001.XSHE,2023-11-22 09:15:00.260,10.3,1600,2,0,61307,2012,2,0
971,000001.XSHE,2023-11-22 09:15:00.260,10.35,10000,2,0,61466,2012,2,0
972,000001.XSHE,2023-11-22 09:15:00.260,10.21,3000,1,0,62064,2012,2,0
973,000001.XSHE,2023-11-22 09:15:00.260,10.6,500,2,0,62319,2012,2,0
974,000001.XSHE,2023-11-22 09:15:00.260,10.56,300,2,0,62433,2012,2,0
975,000001.XSHE,2023-11-22 09:15:00.260,10.86,300,2,0,62434,2012,2,0
976,000001.XSHE,2023-11-22 09:15:00.270,10.35,700,2,0,62767,2012,2,0
977,000001.XSHE,2023-11-22 09:15:00.270,10.12,500,1,0,62769,2012,2,0
978,000001.XSHE,2023-11-22 09:15:00.270,10.06,600,1,0,62804,2012,2,0
979,000001.XSHE,2023-11-22 09:15:00.270,10.1,29600,1,0,62984,2012,2,0
980,000001.XSHE,2023-11-22 09:15:00.270,10.5,200,2,0,63007,2012,2,0
981,000001.XSHE,2023-11-22 09:15:00.270,10.0,2000,1,0,63034,2012,2,0
982,000001.XSHE,2023-11-22 09:15:00.270,10.5,4800,2,0,63144,2012,2,0
983,000001.XSHE,2023-11-22 09:15:00.270,10.68,1000,2,0,63169,2012,2,0
984,000001.XSHE,2023-11-22 09:15:00.270,10.58,1700,2,0,63217,2012,2,0
985,000001.XSHE,2023-11-22 09:15:00.270,10.05,500,1,0,63458,2012,2,0
986,000001.XSHE,2023-11-22 09:15:00.270,11.31,1000,2,0,63535,2012,2,0
987,000001.XSHE,2023-11-22 09:15:00.280,10.55,500,2,0,63954,2012,2,0
988,000001.XSHE,2023-11-22 09:15:00.280,10.76,500,2,0,63955,2012,2,0
989,000001.XSHE,2023-11-22 09:15:00.280,10.96,500,2,0,63957,2012,2,0
990,000001.XSHE,2023-11-22 09:15:00.280,11.3,1000,2,0,63958,2012,2,0
991,000001.XSHE,2023-11-22 09:15:00.280,11.21,5000,2,0,64392,2012,2,0
992,000001.XSHE,2023-11-22 09:15:00.280,10.67,600,2,0,64438,2012,2,0
993,000001.XSHE,2023-11-22 09:15:00.280,10.32,1000,2,0,64464,2012,2,0
994,000001.XSHE,2023-11-22 09:15:00.290,10.8,26400,2,0,64612,2012,2,0
995,000001.XSHE,2023-11-22 09:15:00.290,10.54,23900,2,0,64743,2012,2,0
996,000001.XSHE,2023-11-22 09:15:00.290,10.62,20000,2,0,64744,2012,2,0
997,000001.XSHE,2023-11-22 09:15:00.290,10.62,20000,2,0,64745,2012,2,0
998,000001.XSHE,2023-11-22 09:15:00.290,11.21,1300,2,0,64778,2012,2,0
999,000001.XSHE,2023-11-22 09:15:00.290,10.39,1000,2,0,65049,2012,2,0
1000,000001.XSHE,2023-11-22 09:15:00.290,10.49,1000,2,0,65052,2012,2,0
1001,000001.XSHE,2023-11-22 09:15:00.290,10.59,1000,2,0,65053,2012,2,0
1002,000001.XSHE,2023-11-22 09:15:00.290,10.69,1000,2,0,65054,2012,2,0
1003,000001.XSHE,2023-11-22 09:15:00.290,10.79,1000,2,0,65056,2012,2,0
1004,000001.XSHE,2023-11-22 09:15:00.290,10.4,800,2,0,65153,2012,2,0
1005,000001.XSHE,2023-11-22 09:15:00.290,10.45,800,2,0,65154,2012,2,0
1006,000001.XSHE,2023-11-22 09:15:00.290,10.55,800,2,0,65155,2012,2,0
1007,000001.XSHE,2023-11-22 09:15:00.290,10.15,800,1,0,65156,2012,2,0
1008,000001.XSHE,2023-11-22 09:15:00.290,10.15,800,1,0,65157,2012,2,0
1009,000001.XSHE,2023-11-22 09:15:00.290,10.13,800,1,0,65158,2012,2,0
1010,000001.XSHE,2023-11-22 09:15:00.290,10.1,800,1,0,65159,2012,2,0
1011,000001.XSHE,2023-11-22 09:15:00.290,11.31,300,2,0,65391,2012,2,0
1012,000001.XSHE,2023-11-22 09:15:00.290,10.1,500,1,0,65433,2012,2,0
1013,000001.XSHE,2023-11-22 09:15:00.290,11.31,1300,2,0,65434,2012,2,0
1014,000001.XSHE,2023-11-22 09:15:00.300,9.9,1000,1,0,65742,2012,2,0
1015,000001.XSHE,2023-11-22 09:15:00.300,10.69,1100,2,0,65760,2012,2,0
1016,000001.XSHE,2023-11-22 09:15:00.300,10.6,10000,2,0,66025,2012,2,0
1017,000001.XSHE,2023-11-22 09:15:00.300,10.0,100,1,0,66090,2012,2,0
1018,000001.XSHE,2023-11-22 09:15:00.300,10.5,2500,2,0,66170,2012,2,0
1019,000001.XSHE,2023-11-22 09:15:00.300,10.7,2500,2,0,66172,2012,2,0
1020,000001.XSHE,2023-11-22 09:15:00.300,10.25,200,1,0,66304,2012,2,0
1021,000001.XSHE,2023-11-22 09:15:00.300,10.4,200,2,0,66309,2012,2,0
1022,000001.XSHE,2023-11-22 09:15:00.300,10.38,200,2,0,66310,2012,2,0
1023,000001.XSHE,2023-11-22 09:15:00.300,10.54,3000,2,0,66351,2012,2,0
1024,000001.XSHE,2023-11-22 09:15:00.300,10.68,3000,2,0,66352,2012,2,0
1025,000001.XSHE,2023-11-22 09:15:00.310,10.57,1100,2,0,66468,2012,2,0
1026,000001.XSHE,2023-11-22 09:15:00.310,10.32,20000,2,0,67073,2012,2,0
1027,000001.XSHE,2023-11-22 09:15:00.310,10.63,1000,2,0,67086,2012,2,0
1028,000001.XSHE,2023-11-22 09:15:00.310,10.45,3200,2,0,67145,2012,2,0
1029,000001.XSHE,2023-11-22 09:15:00.310,11.31,12900,2,0,67148,2012,2,0
1030,000001.XSHE,2023-11-22 09:15:00.310,10.13,500,1,0,67170,2012,2,0
1031,000001.XSHE,2023-11-22 09:15:00.310,10.28,1000,1,0,67321,2012,2,0
1032,000001.XSHE,2023-11-22 09:15:00.320,9.53,900,1,0,67387,2012,2,0
1033,000001.XSHE,2023-11-22 09:15:00.320,11.3,2000,2,0,67472,2012,2,0
1034,000001.XSHE,2023-11-22 09:15:00.320,11.19,9500,2,0,67521,2012,2,0
1035,000001.XSHE,2023-11-22 09:15:00.320,10.89,1000,2,0,67534,2012,2,0
1036,000001.XSHE,2023-11-22 09:15:00.320,10.2,400,1,0,67597,2012,2,0
1037,000001.XSHE,2023-11-22 09:15:00.320,11.31,5000,2,0,67836,2012,2,0
1038,000001.XSHE,2023-11-22 09:15:00.320,11.11,3000,2,0,67837,2012,2,0
1039,000001.XSHE,2023-11-22 09:15:00.320,10.1,800,1,0,67981,2012,2,0
1040,000001.XSHE,2023-11-22 09:15:00.320,10.45,1500,2,0,68096,2012,2,0
1041,000001.XSHE,2023-11-22 09:15:00.320,11.11,7500,2,0,68103,2012,2,0
1042,000001.XSHE,2023-11-22 09:15:00.320,10.44,5000,2,0,68174,2012,2,0
1043,000001.XSHE,2023-11-22 09:15:00.320,11.01,300,2,0,68277,2012,2,0
1044,000001.XSHE,2023-11-22 09:15:00.320,10.36,1000,2,0,68280,2012,2,0
1045,000001.XSHE,2023-11-22 09:15:00.330,10.15,1000,1,0,68391,2012,2,0
1046,000001.XSHE,2023-11-22 09:15:00.330,10.16,300,1,0,68546,2012,2,0
1047,000001.XSHE,2023-11-22 09:15:00.330,10.4,2000,2,0,68816,2012,2,0
1048,000001.XSHE,2023-11-22 09:15:00.330,10.07,5000,1,0,68883,2012,2,0
1049,000001.XSHE,2023-11-22 09:15:00.330,10.01,5000,1,0,68886,2012,2,0
1050,000001.XSHE,2023-11-22 09:15:00.330,10.69,5000,2,0,68887,2012,2,0
1051,000001.XSHE,2023-11-22 09:15:00.330,10.99,10000,2,0,68889,2012,2,0
1052,000001.XSHE,2023-11-22 09:15:00.330,10.36,500,2,0,69034,2012,2,0
1053,000001.XSHE,2023-11-22 09:15:00.330,10.57,500,2,0,69035,2012,2,0
1054,000001.XSHE,2023-11-22 09:15:00.330,10.69,500,2,0,69111,2012,2,0
1055,000001.XSHE,2023-11-22 09:15:00.330,10.81,500,2,0,69113,2012,2,0
1056,000001.XSHE,2023-11-22 09:15:00.330,10.93,500,2,0,69115,2012,2,0
1057,000001.XSHE,2023-11-22 09:15:00.330,11.05,500,2,0,69120,2012,2,0
1058,000001.XSHE,2023-11-22 09:15:00.340,11.21,200,2,0,69290,2012,2,0
1059,000001.XSHE,2023-11-22 09:15:00.340,11.17,500,2,0,69366,2012,2,0
1060,000001.XSHE,2023-11-22 09:15:00.340,11.29,500,2,0,69369,2012,2,0
1061,000001.XSHE,2023-11-22 09:15:00.340,11.0,700,2,0,69420,2012,2,0
1062,000001.XSHE,2023-11-22 09:15:00.340,11.3,700,2,0,69437,2012,2,0
1063,000001.XSHE,2023-11-22 09:15:00.340,10.0,100,1,0,69438,2012,2,0
1064,000001.XSHE,2023-11-22 09:15:00.340,10.5,900,2,0,69664,2012,2,0
1065,000001.XSHE,2023-11-22 09:15:00.340,10.0,1000,1,0,69687,2012,2,0
1066,000001.XSHE,2023-11-22 09:15:00.340,11.2,800,2,0,69700,2012,2,0
1067,000001.XSHE,2023-11-22 09:15:00.340,10.43,13000,2,0,69844,2012,2,0
1068,000001.XSHE,2023-11-22 09:15:00.340,10.7,7500,2,0,69957,2012,2,0
1069,000001.XSHE,2023-11-22 09:15:00.340,10.43,15000,2,0,70034,2012,2,0
1070,000001.XSHE,2023-11-22 09:15:00.340,10.09,400,1,0,70132,2012,2,0
1071,000001.XSHE,2023-11-22 09:15:00.350,10.73,100,2,0,70473,2012,2,0
1072,000001.XSHE,2023-11-22 09:15:00.350,10.4,3000,2,0,71053,2012,2,0
1073,000001.XSHE,2023-11-22 09:15:00.350,10.12,3300,1,0,71119,2012,2,0
1074,000001.XSHE,2023-11-22 09:15:00.350,10.45,1000,2,0,71129,2012,2,0
1075,000001.XSHE,2023-11-22 09:15:00.350,11.11,1000,2,0,71130,2012,2,0
1076,000001.XSHE,2023-11-22 09:15:00.350,10.72,500,2,0,71174,2012,2,0
1077,000001.XSHE,2023-11-22 09:15:00.350,9.98,3000,1,0,71212,2012,2,0
1078,000001.XSHE,2023-11-22 09:15:00.350,9.89,1000,1,0,71213,2012,2,0
1079,000001.XSHE,2023-11-22 09:15:00.350,10.06,3400,1,0,71219,2012,2,0
1080,000001.XSHE,2023-11-22 09:15:00.350,9.83,3000,1,0,71223,2012,2,0
1081,000001.XSHE,2023-11-22 09:15:00.350,10.93,1000,2,0,71224,2012,2,0
1082,000001.XSHE,2023-11-22 09:15:00.350,11.03,3000,2,0,71230,2012,2,0
1083,000001.XSHE,2023-11-22 09:15:00.350,10.86,3000,2,0,71231,2012,2,0
1084,000001.XSHE,2023-11-22 09:15:00.350,10.13,1000,1,0,71242,2012,2,0
1085,000001.XSHE,2023-11-22 09:15:00.350,10.25,1000,1,0,71321,2012,2,0
1086,000001.XSHE,2023-11-22 09:15:00.360,11.11,1100,2,0,71342,2012,2,0
1087,000001.XSHE,2023-11-22 09:15:00.360,10.11,1300,1,0,71346,2012,2,0
1088,000001.XSHE,2023-11-22 09:15:00.360,10.47,8000,2,0,71359,2012,2,0
1089,000001.XSHE,2023-11-22 09:15:00.360,10.6,19300,2,0,71360,2012,2,0
1090,000001.XSHE,2023-11-22 09:15:00.360,10.44,5000,2,0,71539,2012,2,0
1091,000001.XSHE,2023-11-22 09:15:00.360,10.21,1000,1,0,72024,2012,2,0
1092,000001.XSHE,2023-11-22 09:15:00.360,10.0,800,1,0,72062,2012,2,0
1093,000001.XSHE,2023-11-22 09:15:00.360,10.4,1000,2,0,72069,2012,2,0
1094,000001.XSHE,2023-11-22 09:15:00.360,10.28,100,2,0,72252,2012,2,0
1095,000001.XSHE,2023-11-22 09:15:00.360,10.9,2000,2,0,72278,2012,2,0
1096,000001.XSHE,2023-11-22 09:15:00.370,10.06,300,1,0,72562,2012,2,0
1097,000001.XSHE,2023-11-22 09:15:00.370,9.95,300,1,0,72563,2012,2,0
1098,000001.XSHE,2023-11-22 09:15:00.370,9.84,300,1,0,72564,2012,2,0
1099,000001.XSHE,2023-11-22 09:15:00.370,9.73,300,1,0,72565,2012,2,0
1100,000001.XSHE,2023-11-22 09:15:00.370,9.62,300,1,0,72566,2012,2,0
1101,000001.XSHE,2023-11-22 09:15:00.370,10.87,300,2,0,72586,2012,2,0
1102,000001.XSHE,2023-11-22 09:15:00.370,10.97,300,2,0,72587,2012,2,0
1103,000001.XSHE,2023-11-22 09:15:00.370,11.07,300,2,0,72588,2012,2,0
1104,000001.XSHE,2023-11-22 09:15:00.370,11.17,300,2,0,72589,2012,2,0
1105,000001.XSHE,2023-11-22 09:15:00.370,10.12,3000,1,0,72714,2012,2,0
1106,000001.XSHE,2023-11-22 09:15:00.370,10.38,2300,2,0,72715,2012,2,0
1107,000001.XSHE,2023-11-22 09:15:00.370,10.1,100,1,0,72734,2012,2,0
1108,000001.XSHE,2023-11-22 09:15:00.370,10.45,500,2,0,72751,2012,2,0
1109,000001.XSHE,2023-11-22 09:15:00.370,9.76,100,1,0,72995,2012,2,0
1110,000001.XSHE,2023-11-22 09:15:00.370,9.45,200,1,0,72996,2012,2,0
1111,000001.XSHE,2023-11-22 09:15:00.370,11.11,300,2,0,73002,2012,2,0
1112,000001.XSHE,2023-11-22 09:15:00.370,10.7,4400,2,0,73052,2012,2,0
1113,000001.XSHE,2023-11-22 09:15:00.380,10.33,200,2,0,73506,2012,2,0
1114,000001.XSHE,2023-11-22 09:15:00.380,10.2,2000,1,0,73548,2012,2,0
1115,000001.XSHE,2023-11-22 09:15:00.380,10.39,5000,2,0,73703,2012,2,0
1116,000001.XSHE,2023-11-22 09:15:00.380,9.98,2000,1,0,73753,2012,2,0
1117,000001.XSHE,2023-11-22 09:15:00.380,9.95,1000,1,0,73754,2012,2,0
1118,000001.XSHE,2023-11-22 09:15:00.380,11.03,2000,2,0,73765,2012,2,0
1119,000001.XSHE,2023-11-22 09:15:00.380,11.0,1000,2,0,73767,2012,2,0
1120,000001.XSHE,2023-11-22 09:15:00.380,10.17,2300,1,0,73785,2012,2,0
1121,000001.XSHE,2023-11-22 09:15:00.380,11.31,5000,2,0,73925,2012,2,0
1122,000001.XSHE,2023-11-22 09:15:00.380,9.6,400,1,0,73942,2012,2,0
1123,000001.XSHE,2023-11-22 09:15:00.380,9.6,300,1,0,73946,2012,2,0
1124,000001.XSHE,2023-11-22 09:15:00.380,10.0,200,1,0,73950,2012,2,0
1125,000001.XSHE,2023-11-22 09:15:00.380,9.95,100,1,0,73957,2012,2,0
1126,000001.XSHE,2023-11-22 09:15:00.380,9.78,200,1,0,73959,2012,2,0
1127,000001.XSHE,2023-11-22 09:15:00.380,10.78,1500,2,0,74000,2012,2,0
1128,000001.XSHE,2023-11-22 09:15:00.380,10.72,500,2,0,74123,2012,2,0
1129,000001.XSHE,2023-11-22 09:15:00.380,10.83,500,2,0,74124,2012,2,0
1130,000001.XSHE,2023-11-22 09:15:00.380,10.46,300,2,0,74152,2012,2,0
1131,000001.XSHE,2023-11-22 09:15:00.380,10.61,300,2,0,74154,2012,2,0
1132,000001.XSHE,2023-11-22 09:15:00.390,11.0,1000,2,0,74505,2012,2,0
1133,000001.XSHE,2023-11-22 09:15:00.390,10.0,2000,1,0,74506,2012,2,0
1134,000001.XSHE,2023-11-22 09:15:00.390,11.0,5200,2,0,74555,2012,2,0
1135,000001.XSHE,2023-11-22 09:15:00.400,10.4,1000,2,0,75034,2012,2,0
1136,000001.XSHE,2023-11-22 09:15:00.400,11.21,200,2,0,75040,2012,2,0
1137,000001.XSHE,2023-11-22 09:15:00.400,11.18,1000,2,0,75215,2012,2,0
1138,000001.XSHE,2023-11-22 09:15:00.400,10.5,400,2,0,75346,2012,2,0
1139,000001.XSHE,2023-11-22 09:15:00.400,10.4,500,2,0,75380,2012,2,0
1140,000001.XSHE,2023-11-22 09:15:00.400,10.13,500,1,0,75381,2012,2,0
1141,000001.XSHE,2023-11-22 09:15:00.400,10.0,500,1,0,75421,2012,2,0
1142,000001.XSHE,2023-11-22 09:15:00.400,11.0,4000,2,0,75514,2012,2,0
1143,000001.XSHE,2023-11-22 09:15:00.400,11.0,600,2,0,75728,2012,2,0
1144,000001.XSHE,2023-11-22 09:15:00.410,10.39,300,2,0,76124,2012,2,0
1145,000001.XSHE,2023-11-22 09:15:00.410,10.01,20000,1,0,76212,2012,2,0
1146,000001.XSHE,2023-11-22 09:15:00.410,10.83,500,2,0,76332,2012,2,0
1147,000001.XSHE,2023-11-22 09:15:00.410,10.5,1100,2,0,76339,2012,2,0
1148,000001.XSHE,2023-11-22 09:15:00.410,11.0,4000,2,0,76342,2012,2,0
1149,000001.XSHE,2023-11-22 09:15:00.410,11.3,5700,2,0,76354,2012,2,0
1150,000001.XSHE,2023-11-22 09:15:00.410,10.33,50100,2,0,76554,2012,2,0
1151,000001.XSHE,2023-11-22 09:15:00.410,10.33,50100,2,0,76555,2012,2,0
1152,000001.XSHE,2023-11-22 09:15:00.410,10.32,50100,2,0,76556,2012,2,0
1153,000001.XSHE,2023-11-22 09:15:00.420,10.87,400,2,0,76683,2012,2,0
1154,000001.XSHE,2023-11-22 09:15:00.420,10.21,200,1,0,76987,2012,2,0
1155,000001.XSHE,2023-11-22 09:15:00.420,10.03,1100,1,0,77007,2012,2,0
1156,000001.XSHE,2023-11-22 09:15:00.430,10.19,50000,1,0,77583,2012,2,0
1157,000001.XSHE,2023-11-22 09:15:00.430,11.2,100,2,0,77735,2012,2,0
1158,000001.XSHE,2023-11-22 09:15:00.430,10.56,3000,2,0,77945,2012,2,0
1159,000001.XSHE,2023-11-22 09:15:00.430,10.66,3600,2,0,77946,2012,2,0
1160,000001.XSHE,2023-11-22 09:15:00.430,10.99,300,2,0,77980,2012,2,0
1161,000001.XSHE,2023-11-22 09:15:00.430,10.52,800,2,0,78027,2012,2,0
1162,000001.XSHE,2023-11-22 09:15:00.430,10.62,900,2,0,78028,2012,2,0
1163,000001.XSHE,2023-11-22 09:15:00.430,10.98,3700,2,0,78304,2012,2,0
1164,000001.XSHE,2023-11-22 09:15:00.430,11.31,3600,2,0,78317,2012,2,0
1165,000001.XSHE,2023-11-22 09:15:00.430,11.0,400,2,0,78333,2012,2,0
1166,000001.XSHE,2023-11-22 09:15:00.430,10.66,5000,2,0,78370,2012,2,0
1167,000001.XSHE,2023-11-22 09:15:00.440,10.18,500,1,0,78623,2012,2,0
1168,000001.XSHE,2023-11-22 09:15:00.440,10.08,2300,1,0,78714,2012,2,0
1169,000001.XSHE,2023-11-22 09:15:00.440,10.49,1000,2,0,78902,2012,2,0
1170,000001.XSHE,2023-11-22 09:15:00.440,10.01,400,1,0,79032,2012,2,0
1171,000001.XSHE,2023-11-22 09:15:00.440,9.85,400,1,0,79033,2012,2,0
1172,000001.XSHE,2023-11-22 09:15:00.440,11.0,17100,2,0,79190,2012,2,0
1173,000001.XSHE,2023-11-22 09:15:00.440,10.77,300,2,0,79355,2012,2,0
1174,000001.XSHE,2023-11-22 09:15:00.440,10.55,3700,2,0,79503,2012,2,0
1175,000001.XSHE,2023-11-22 09:15:00.450,10.18,3100,1,0,79695,2012,2,0
1176,000001.XSHE,2023-11-22 09:15:00.450,10.39,3000,2,0,79700,2012,2,0
1177,000001.XSHE,2023-11-22 09:15:00.450,10.49,4000,2,0,79953,2012,2,0
1178,000001.XSHE,2023-11-22 09:15:00.450,10.01,500,1,0,80048,2012,2,0
1179,000001.XSHE,2023-11-22 09:15:00.450,10.12,3500,1,0,80122,2012,2,0
1180,000001.XSHE,2023-11-22 09:15:00.450,10.45,2500,2,0,80123,2012,2,0
1181,000001.XSHE,2023-11-22 09:15:00.450,9.25,43900,1,0,80328,2012,2,0
1182,000001.XSHE,2023-11-22 09:15:00.460,10.07,1000,1,0,81131,2012,2,0
1183,000001.XSHE,2023-11-22 09:15:00.460,10.5,200,2,0,81135,2012,2,0
1184,000001.XSHE,2023-11-22 09:15:00.460,10.68,11000,2,0,81185,2012,2,0
1185,000001.XSHE,2023-11-22 09:15:00.470,10.89,2500,2,0,81945,2012,2,0
1186,000001.XSHE,2023-11-22 09:15:00.470,10.58,300,2,0,82244,2012,2,0
1187,000001.XSHE,2023-11-22 09:15:00.470,9.97,300,1,0,82253,2012,2,0
1188,000001.XSHE,2023-11-22 09:15:00.470,9.9,100,1,0,82301,2012,2,0
1189,000001.XSHE,2023-11-22 09:15:00.470,10.2,800,1,0,82360,2012,2,0
1190,000001.XSHE,2023-11-22 09:15:00.470,10.1,500,1,0,82372,2012,2,0
1191,000001.XSHE,2023-11-22 09:15:00.470,10.0,1000,1,0,82380,2012,2,0
1192,000001.XSHE,2023-11-22 09:15:00.470,9.8,200,1,0,82447,2012,2,0
1193,000001.XSHE,2023-11-22 09:15:00.470,9.25,300,1,0,82448,2012,2,0
1194,000001.XSHE,2023-11-22 09:15:00.470,10.43,10000,2,0,82472,2012,2,0
1195,000001.XSHE,2023-11-22 09:15:00.480,10.0,100,1,0,82722,2012,2,0
1196,000001.XSHE,2023-11-22 09:15:00.490,10.2,1000,1,0,83253,2012,2,0
1197,000001.XSHE,2023-11-22 09:15:00.490,10.01,300,1,0,83351,2012,2,0
1198,000001.XSHE,2023-11-22 09:15:00.490,10.36,1800,2,0,83651,2012,2,0
1199,000001.XSHE,2023-11-22 09:15:00.490,10.05,1500,1,0,83748,2012,2,0
1200,000001.XSHE,2023-11-22 09:15:00.490,10.5,500,2,0,84002,2012,2,0
1201,000001.XSHE,2023-11-22 09:15:00.490,10.18,100,1,0,84018,2012,2,0
1202,000001.XSHE,2023-11-22 09:15:00.490,10.45,2000,2,0,84042,2012,2,0
1203,000001.XSHE,2023-11-22 09:15:00.490,10.56,1500,2,0,84067,2012,2,0
1204,000001.XSHE,2023-11-22 09:15:00.490,10.2,200,1,0,84134,2012,2,0
1205,000001.XSHE,2023-11-22 09:15:00.490,10.98,1000,2,0,84212,2012,2,0
1206,000001.XSHE,2023-11-22 09:15:00.490,11.3,1000,2,0,84297,2012,2,0
1207,000001.XSHE,2023-11-22 09:15:00.490,11.3,1000,2,0,84314,2012,2,0
1208,000001.XSHE,2023-11-22 09:15:00.490,11.0,500,2,0,84347,2012,2,0
1209,000001.XSHE,2023-11-22 09:15:00.500,10.1,1000,1,0,84376,2012,2,0
1210,000001.XSHE,2023-11-22 09:15:00.500,11.3,2000,2,0,84657,2012,2,0
1211,000001.XSHE,2023-11-22 09:15:00.500,10.35,3000,2,0,84853,2012,2,0
1212,000001.XSHE,2023-11-22 09:15:00.500,10.23,800,1,0,84884,2012,2,0
1213,000001.XSHE,2023-11-22 09:15:00.500,10.15,600,1,0,84909,2012,2,0
1214,000001.XSHE,2023-11-22 09:15:00.500,10.0,1500,1,0,84913,2012,2,0
1215,000001.XSHE,2023-11-22 09:15:00.510,10.22,80200,1,0,85341,2012,2,0
1216,000001.XSHE,2023-11-22 09:15:00.510,10.2,200,1,0,85391,2012,2,0
1217,000001.XSHE,2023-11-22 09:15:00.510,10.15,3000,1,0,85410,2012,2,0
1218,000001.XSHE,2023-11-22 09:15:00.510,10.22,200,1,0,85411,2012,2,0
1219,000001.XSHE,2023-11-22 09:15:00.510,10.22,200,1,0,85415,2012,2,0
1220,000001.XSHE,2023-11-22 09:15:00.510,10.25,100,1,0,85416,2012,2,0
1221,000001.XSHE,2023-11-22 09:15:00.510,10.24,100,1,0,85417,2012,2,0
1222,000001.XSHE,2023-11-22 09:15:00.510,9.93,200,1,0,85428,2012,2,0
1223,000001.XSHE,2023-11-22 09:15:00.510,10.08,1000,1,0,85492,2012,2,0
1224,000001.XSHE,2023-11-22 09:15:00.510,11.2,100,2,0,85568,2012,2,0
1225,000001.XSHE,2023-11-22 09:15:00.510,10.21,1000,1,0,85574,2012,2,0
1226,000001.XSHE,2023-11-22 09:15:00.510,10.16,1000,1,0,85575,2012,2,0
1227,000001.XSHE,2023-11-22 09:15:00.510,10.38,5000,2,0,85983,2012,2,0
1228,000001.XSHE,2023-11-22 09:15:00.510,10.5,2000,2,0,86163,2012,2,0
1229,000001.XSHE,2023-11-22 09:15:00.510,10.2,4500,1,0,86199,2012,2,0
1230,000001.XSHE,2023-11-22 09:15:00.510,10.38,3000,2,0,86201,2012,2,0
1231,000001.XSHE,2023-11-22 09:15:00.520,9.98,400,1,0,86347,2012,2,0
1232,000001.XSHE,2023-11-22 09:15:00.520,10.5,400,2,0,86410,2012,2,0
1233,000001.XSHE,2023-11-22 09:15:00.520,10.05,1000,1,0,86506,2012,2,0
1234,000001.XSHE,2023-11-22 09:15:00.520,11.08,400,2,0,86527,2012,2,0
1235,000001.XSHE,2023-11-22 09:15:00.520,10.01,1200,1,0,86608,2012,2,0
1236,000001.XSHE,2023-11-22 09:15:00.520,11.1,16000,2,0,86684,2012,2,0
1237,000001.XSHE,2023-11-22 09:15:00.520,10.88,1000,2,0,86827,2012,2,0
1238,000001.XSHE,2023-11-22 09:15:00.520,10.31,16700,2,0,86899,2012,2,0
1239,000001.XSHE,2023-11-22 09:15:00.520,10.31,16700,2,0,86900,2012,2,0
1240,000001.XSHE,2023-11-22 09:15:00.530,10.0,300,1,0,87456,2012,2,0
1241,000001.XSHE,2023-11-22 09:15:00.530,10.55,100,2,0,87457,2012,2,0
1242,000001.XSHE,2023-11-22 09:15:00.530,10.65,100,2,0,87458,2012,2,0
1243,000001.XSHE,2023-11-22 09:15:00.530,10.9,100,2,0,87459,2012,2,0
1244,000001.XSHE,2023-11-22 09:15:00.530,11.0,400,2,0,87460,2012,2,0
1245,000001.XSHE,2023-11-22 09:15:00.530,11.25,400,2,0,87462,2012,2,0
1246,000001.XSHE,2023-11-22 09:15:00.530,10.28,500,1,0,87651,2012,2,0
1247,000001.XSHE,2023-11-22 09:15:00.530,10.68,400,2,0,87725,2012,2,0
1248,000001.XSHE,2023-11-22 09:15:00.530,11.29,1000,2,0,87795,2012,2,0
1249,000001.XSHE,2023-11-22 09:15:00.530,10.58,900,2,0,88082,2012,2,0
1250,000001.XSHE,2023-11-22 09:15:00.530,10.4,300,2,0,88239,2012,2,0
1251,000001.XSHE,2023-11-22 09:15:00.530,10.45,300,2,0,88244,2012,2,0
1252,000001.XSHE,2023-11-22 09:15:00.530,10.5,300,2,0,88245,2012,2,0
1253,000001.XSHE,2023-11-22 09:15:00.530,10.22,300,1,0,88258,2012,2,0
1254,000001.XSHE,2023-11-22 09:15:00.530,10.14,300,1,0,88260,2012,2,0
1255,000001.XSHE,2023-11-22 09:15:00.540,10.48,500,2,0,88758,2012,2,0
1256,000001.XSHE,2023-11-22 09:15:00.540,10.69,900,2,0,88768,2012,2,0
1257,000001.XSHE,2023-11-22 09:15:00.540,10.87,900,2,0,88773,2012,2,0
1258,000001.XSHE,2023-11-22 09:15:00.540,10.15,900,1,0,88777,2012,2,0
1259,000001.XSHE,2023-11-22 09:15:00.540,10.11,1000,1,0,88782,2012,2,0
1260,000001.XSHE,2023-11-22 09:15:00.540,10.2,1000,1,0,89002,2012,2,0
1261,000001.XSHE,2023-11-22 09:15:00.540,10.16,1000,1,0,89003,2012,2,0
1262,000001.XSHE,2023-11-22 09:15:00.540,10.21,3000,1,0,89011,2012,2,0
1263,000001.XSHE,2023-11-22 09:15:00.540,10.19,3000,1,0,89012,2012,2,0
1264,000001.XSHE,2023-11-22 09:15:00.540,10.17,3000,1,0,89013,2012,2,0
1265,000001.XSHE,2023-11-22 09:15:00.540,10.15,3000,1,0,89014,2012,2,0
1266,000001.XSHE,2023-11-22 09:15:00.540,10.13,3000,1,0,89015,2012,2,0
1267,000001.XSHE,2023-11-22 09:15:00.540,10.11,3000,1,0,89016,2012,2,0
1268,000001.XSHE,2023-11-22 09:15:00.540,10.09,3000,1,0,89017,2012,2,0
1269,000001.XSHE,2023-11-22 09:15:00.540,10.18,5000,1,0,89048,2012,2,0
1270,000001.XSHE,2023-11-22 09:15:00.540,11.31,300,2,0,89158,2012,2,0
1271,000001.XSHE,2023-11-22 09:15:00.540,9.3,32200,1,0,89202,2012,2,0
1272,000001.XSHE,2023-11-22 09:15:00.540,11.31,100,2,0,89407,2012,2,0
1273,000001.XSHE,2023-11-22 09:15:00.540,10.53,14200,2,0,89409,2012,2,0
1274,000001.XSHE,2023-11-22 09:15:00.540,10.25,50000,1,0,89512,2012,2,0
1275,000001.XSHE,2023-11-22 09:15:00.540,10.88,4900,2,0,89692,2012,2,0
1276,000001.XSHE,2023-11-22 09:15:00.550,10.5,500,2,0,89855,2012,2,0
1277,000001.XSHE,2023-11-22 09:15:00.550,11.3,200,2,0,90205,2012,2,0
1278,000001.XSHE,2023-11-22 09:15:00.550,10.0,100,1,0,90206,2012,2,0
1279,000001.XSHE,2023-11-22 09:15:00.550,11.3,1500,2,0,90366,2012,2,0
1280,000001.XSHE,2023-11-22 09:15:00.550,11.28,1700,2,0,90483,2012,2,0
1281,000001.XSHE,2023-11-22 09:15:00.550,10.48,2500,2,0,90529,2012,2,0
1282,000001.XSHE,2023-11-22 09:15:00.550,10.5,300,2,0,90667,2012,2,0
1283,000001.XSHE,2023-11-22 09:15:00.550,11.19,1000,2,0,90803,2012,2,0
1284,000001.XSHE,2023-11-22 09:15:00.550,10.18,5000,1,0,90810,2012,2,0
1285,000001.XSHE,2023-11-22 09:15:00.550,10.2,800,1,0,90813,2012,2,0
1286,000001.XSHE,2023-11-22 09:15:00.560,10.99,700,2,0,91247,2012,2,0
1287,000001.XSHE,2023-11-22 09:15:00.560,10.15,500,1,0,91344,2012,2,0
1288,000001.XSHE,2023-11-22 09:15:00.560,9.95,400,1,0,91414,2012,2,0
1289,000001.XSHE,2023-11-22 09:15:00.560,10.23,800,1,0,91632,2012,2,0
1290,000001.XSHE,2023-11-22 09:15:00.560,10.7,2000,2,0,92147,2012,2,0
1291,000001.XSHE,2023-11-22 09:15:00.570,10.4,1000,2,0,92504,2012,2,0
1292,000001.XSHE,2023-11-22 09:15:00.570,10.6,1000,2,0,92505,2012,2,0
1293,000001.XSHE,2023-11-22 09:15:00.570,10.0,1000,1,0,92506,2012,2,0
1294,000001.XSHE,2023-11-22 09:15:00.570,9.8,1000,1,0,92507,2012,2,0
1295,000001.XSHE,2023-11-22 09:15:00.570,10.06,100,1,0,92523,2012,2,0
1296,000001.XSHE,2023-11-22 09:15:00.570,10.09,200,1,0,92757,2012,2,0
1297,000001.XSHE,2023-11-22 09:15:00.570,11.23,1900,2,0,92758,2012,2,0
1298,000001.XSHE,2023-11-22 09:15:00.570,10.06,5000,1,0,92900,2012,2,0
1299,000001.XSHE,2023-11-22 09:15:00.580,10.78,1000,2,0,93153,2012,2,0
1300,000001.XSHE,2023-11-22 09:15:00.580,10.2,1000,1,0,93156,2012,2,0
1301,000001.XSHE,2023-11-22 09:15:00.580,10.4,4000,2,0,93279,2012,2,0
1302,000001.XSHE,2023-11-22 09:15:00.580,11.31,400,2,0,93328,2012,2,0
1303,000001.XSHE,2023-11-22 09:15:00.580,11.0,5000,2,0,93433,2012,2,0
1304,000001.XSHE,2023-11-22 09:15:00.580,10.12,3000,1,0,93436,2012,2,0
1305,000001.XSHE,2023-11-22 09:15:00.580,10.38,1000,2,0,93517,2012,2,0
1306,000001.XSHE,2023-11-22 09:15:00.580,10.16,100,1,0,93613,2012,2,0
1307,000001.XSHE,2023-11-22 09:15:00.590,11.2,1900,2,0,94240,2012,2,0
1308,000001.XSHE,2023-11-22 09:15:00.590,10.2,1000,1,0,94255,2012,2,0
1309,000001.XSHE,2023-11-22 09:15:00.590,10.44,1000,2,0,94310,2012,2,0
1310,000001.XSHE,2023-11-22 09:15:00.590,10.12,1000,1,0,94311,2012,2,0
1311,000001.XSHE,2023-11-22 09:15:00.590,10.15,5000,1,0,94378,2012,2,0
1312,000001.XSHE,2023-11-22 09:15:00.590,10.13,5000,1,0,94379,2012,2,0
1313,000001.XSHE,2023-11-22 09:15:00.590,10.03,20000,1,0,94389,2012,2,0
1314,000001.XSHE,2023-11-22 09:15:00.600,10.74,200,2,0,94799,2012,2,0
1315,000001.XSHE,2023-11-22 09:15:00.600,9.84,200,1,0,94802,2012,2,0
1316,000001.XSHE,2023-11-22 09:15:00.600,10.74,200,2,0,94810,2012,2,0
1317,000001.XSHE,2023-11-22 09:15:00.600,9.84,200,1,0,94811,2012,2,0
1318,000001.XSHE,2023-11-22 09:15:00.600,10.22,300,1,0,94898,2012,2,0
1319,000001.XSHE,2023-11-22 09:15:00.600,10.2,100,1,0,94920,2012,2,0
1320,000001.XSHE,2023-11-22 09:15:00.600,10.21,43000,1,0,95035,2012,2,0
1321,000001.XSHE,2023-11-22 09:15:00.600,10.2,35000,1,0,95036,2012,2,0
1322,000001.XSHE,2023-11-22 09:15:00.600,10.13,200,1,0,95159,2012,2,0
1323,000001.XSHE,2023-11-22 09:15:00.610,10.95,300,2,0,95304,2012,2,0
1324,000001.XSHE,2023-11-22 09:15:00.610,11.0,300,2,0,95521,2012,2,0
1325,000001.XSHE,2023-11-22 09:15:00.610,10.49,500,2,0,95827,2012,2,0
1326,000001.XSHE,2023-11-22 09:15:00.610,10.53,500,2,0,95833,2012,2,0
1327,000001.XSHE,2023-11-22 09:15:00.610,10.65,500,2,0,95834,2012,2,0
1328,000001.XSHE,2023-11-22 09:15:00.610,10.77,500,2,0,95835,2012,2,0
1329,000001.XSHE,2023-11-22 09:15:00.610,10.89,500,2,0,95836,2012,2,0
1330,000001.XSHE,2023-11-22 09:15:00.610,11.01,500,2,0,95837,2012,2,0
1331,000001.XSHE,2023-11-22 09:15:00.610,11.13,500,2,0,95838,2012,2,0
1332,000001.XSHE,2023-11-22 09:15:00.610,11.25,500,2,0,95839,2012,2,0
1333,000001.XSHE,2023-11-22 09:15:00.620,10.22,100000,1,0,96212,2012,2,0
1334,000001.XSHE,2023-11-22 09:15:00.620,10.45,100,2,0,96254,2012,2,0
1335,000001.XSHE,2023-11-22 09:15:00.620,10.15,500,1,0,96405,2012,2,0
1336,000001.XSHE,2023-11-22 09:15:00.620,11.31,22700,2,0,96590,2012,2,0
1337,000001.XSHE,2023-11-22 09:15:00.620,10.8,700,2,0,96668,2012,2,0
1338,000001.XSHE,2023-11-22 09:15:00.620,11.27,3000,2,0,96857,2012,2,0
1339,000001.XSHE,2023-11-22 09:15:00.630,10.43,2000,2,0,97044,2012,2,0
1340,000001.XSHE,2023-11-22 09:15:00.630,10.69,2300,2,0,97115,2012,2,0
1341,000001.XSHE,2023-11-22 09:15:00.630,10.65,100,2,0,97230,2012,2,0
1342,000001.XSHE,2023-11-22 09:15:00.630,10.1,600,1,0,97307,2012,2,0
1343,000001.XSHE,2023-11-22 09:15:00.630,10.4,700,2,0,97310,2012,2,0
1344,000001.XSHE,2023-11-22 09:15:00.630,10.38,1000,2,0,97320,2012,2,0
1345,000001.XSHE,2023-11-22 09:15:00.630,10.38,20000,2,0,97347,2012,2,0
1346,000001.XSHE,2023-11-22 09:15:00.630,10.37,20000,2,0,97348,2012,2,0
1347,000001.XSHE,2023-11-22 09:15:00.630,10.36,20000,2,0,97349,2012,2,0
1348,000001.XSHE,2023-11-22 09:15:00.630,10.35,20000,2,0,97350,2012,2,0
1349,000001.XSHE,2023-11-22 09:15:00.630,10.34,20000,2,0,97351,2012,2,0
1350,000001.XSHE,2023-11-22 09:15:00.630,10.33,20000,2,0,97352,2012,2,0
1351,000001.XSHE,2023-11-22 09:15:00.630,10.12,5000,1,0,97441,2012,2,0
1352,000001.XSHE,2023-11-22 09:15:00.630,10.37,500,2,0,97521,2012,2,0
1353,000001.XSHE,2023-11-22 09:15:00.650,10.34,2000,2,0,98201,2012,2,0
1354,000001.XSHE,2023-11-22 09:15:00.650,9.75,400,1,0,98236,2012,2,0
1355,000001.XSHE,2023-11-22 09:15:00.650,10.77,400,2,0,98248,2012,2,0
1356,000001.XSHE,2023-11-22 09:15:00.650,10.55,1300,2,0,98272,2012,2,0
1357,000001.XSHE,2023-11-22 09:15:00.650,10.7,1200,2,0,98275,2012,2,0
1358,000001.XSHE,2023-11-22 09:15:00.650,11.3,1000,2,0,98778,2012,2,0
1359,000001.XSHE,2023-11-22 09:15:00.660,10.8,200,2,0,99150,2012,2,0
1360,000001.XSHE,2023-11-22 09:15:00.660,9.85,100,1,0,99279,2012,2,0
1361,000001.XSHE,2023-11-22 09:15:00.660,10.15,2000,1,0,99374,2012,2,0
1362,000001.XSHE,2023-11-22 09:15:00.660,11.1,1500,2,0,99481,2012,2,0
1363,000001.XSHE,2023-11-22 09:15:00.660,10.11,2000,1,0,99566,2012,2,0
1364,000001.XSHE,2023-11-22 09:15:00.660,10.35,1600,2,0,99775,2012,2,0
1365,000001.XSHE,2023-11-22 09:15:00.670,10.72,500,2,0,99937,2012,2,0
1366,000001.XSHE,2023-11-22 09:15:00.670,10.37,500,2,0,99966,2012,2,0
1367,000001.XSHE,2023-11-22 09:15:00.670,10.7,2000,2,0,99969,2012,2,0
1368,000001.XSHE,2023-11-22 09:15:00.670,10.83,3000,2,0,99970,2012,2,0
1369,000001.XSHE,2023-11-22 09:15:00.670,11.31,5000,2,0,99971,2012,2,0
1370,000001.XSHE,2023-11-22 09:15:00.670,10.2,500,1,0,100142,2012,2,0
1371,000001.XSHE,2023-11-22 09:15:00.670,10.15,500,1,0,100143,2012,2,0
1372,000001.XSHE,2023-11-22 09:15:00.670,10.5,500,2,0,100145,2012,2,0
1373,000001.XSHE,2023-11-22 09:15:00.670,11.2,500,2,0,100228,2012,2,0
1374,000001.XSHE,2023-11-22 09:15:00.670,10.0,600,1,0,100231,2012,2,0
1375,000001.XSHE,2023-11-22 09:15:00.670,10.49,500,2,0,100308,2012,2,0
1376,000001.XSHE,2023-11-22 09:15:00.670,10.47,1000,2,0,100500,2012,2,0
1377,000001.XSHE,2023-11-22 09:15:00.670,10.98,1000,2,0,100528,2012,2,0
1378,000001.XSHE,2023-11-22 09:15:00.680,10.06,200,1,0,100732,2012,2,0
1379,000001.XSHE,2023-11-22 09:15:00.680,9.9,1600,1,0,100798,2012,2,0
1380,000001.XSHE,2023-11-22 09:15:00.680,10.45,1000,2,0,101005,2012,2,0
1381,000001.XSHE,2023-11-22 09:15:00.680,10.55,1000,2,0,101006,2012,2,0
1382,000001.XSHE,2023-11-22 09:15:00.680,10.66,1300,2,0,101008,2012,2,0
1383,000001.XSHE,2023-11-22 09:15:00.680,10.88,2000,2,0,101010,2012,2,0
1384,000001.XSHE,2023-11-22 09:15:00.680,10.99,500,2,0,101030,2012,2,0
1385,000001.XSHE,2023-11-22 09:15:00.680,10.56,1000,2,0,101035,2012,2,0
1386,000001.XSHE,2023-11-22 09:15:00.680,10.98,3000,2,0,101140,2012,2,0
1387,000001.XSHE,2023-11-22 09:15:00.680,11.31,10000,2,0,101144,2012,2,0
1388,000001.XSHE,2023-11-22 09:15:00.680,10.5,1500,2,0,101154,2012,2,0
1389,000001.XSHE,2023-11-22 09:15:00.690,10.66,1000,2,0,101266,2012,2,0
1390,000001.XSHE,2023-11-22 09:15:00.690,10.97,1000,2,0,101267,2012,2,0
1391,000001.XSHE,2023-11-22 09:15:00.690,11.31,1000,2,0,101268,2012,2,0
1392,000001.XSHE,2023-11-22 09:15:00.690,9.3,800,1,0,101388,2012,2,0
1393,000001.XSHE,2023-11-22 09:15:00.690,9.6,700,1,0,101390,2012,2,0
1394,000001.XSHE,2023-11-22 09:15:00.690,9.97,300,1,0,101818,2012,2,0
1395,000001.XSHE,2023-11-22 09:15:00.700,11.11,4000,2,0,102316,2012,2,0
1396,000001.XSHE,2023-11-22 09:15:00.700,10.2,1300,1,0,102354,2012,2,0
1397,000001.XSHE,2023-11-22 09:15:00.700,10.51,100,2,0,102441,2012,2,0
1398,000001.XSHE,2023-11-22 09:15:00.700,10.67,100,2,0,102442,2012,2,0
1399,000001.XSHE,2023-11-22 09:15:00.700,10.08,1000,1,0,102517,2012,2,0
1400,000001.XSHE,2023-11-22 09:15:00.700,11.17,700,2,0,102520,2012,2,0
1401,000001.XSHE,2023-11-22 09:15:00.700,10.98,700,2,0,102522,2012,2,0
1402,000001.XSHE,2023-11-22 09:15:00.700,10.64,700,2,0,102525,2012,2,0
1403,000001.XSHE,2023-11-22 09:15:00.700,10.33,700,2,0,102527,2012,2,0
1404,000001.XSHE,2023-11-22 09:15:00.700,10.18,1000,1,0,102631,2012,2,0
1405,000001.XSHE,2023-11-22 09:15:00.700,10.23,900,1,0,102678,2012,2,0
1406,000001.XSHE,2023-11-22 09:15:00.700,10.2,800,1,0,102679,2012,2,0
1407,000001.XSHE,2023-11-22 09:15:00.700,10.38,500,2,0,102680,2012,2,0
1408,000001.XSHE,2023-11-22 09:15:00.710,10.86,700,2,0,103045,2012,2,0
1409,000001.XSHE,2023-11-22 09:15:00.710,11.28,500,2,0,103052,2012,2,0
1410,000001.XSHE,2023-11-22 09:15:00.710,10.5,200,2,0,103293,2012,2,0
1411,000001.XSHE,2023-11-22 09:15:00.710,10.85,100,2,0,103325,2012,2,0
1412,000001.XSHE,2023-11-22 09:15:00.710,10.43,1500,2,0,103332,2012,2,0
1413,000001.XSHE,2023-11-22 09:15:00.710,10.4,500,2,0,103492,2012,2,0
1414,000001.XSHE,2023-11-22 09:15:00.710,10.48,1000,2,0,103526,2012,2,0
1415,000001.XSHE,2023-11-22 09:15:00.720,10.41,20000,2,0,103782,2012,2,0
1416,000001.XSHE,2023-11-22 09:15:00.720,10.45,4000,2,0,103783,2012,2,0
1417,000001.XSHE,2023-11-22 09:15:00.720,10.69,2000,2,0,103861,2012,2,0
